=LDR  02671cam a22005535a 4500
=001  015658470
=003  Uk
=005  20101013115049.0
=006  m\\\\\\\\d\\\\\\\\
=007  cr\cn|||||||||
=008  100323s2010\\\\gw\\\\\\o\\\\\101\0\eng\d
=020  \\$a9783642104305
=020  \\$a3642104304
=035  \\$a(OCoLC)567359222$z(OCoLC)551958202
=037  \\$a978-3-642-10429-9$bSpringer$nhttp://www.springerlink.com
=040  \\$aGW5XE$beng$cGW5XE$dCOO
=050  \4$aT57.5$b.I584 2010
=082  04$a620/.00420285$222
=111  2\$aInternational Conference on Digital Enterprise Technology$n(6th :$d2009 :$cHong Kong, China)
=245  10$aProceedings of the 6th CIRP-Sponsored International Conference on Digital Enterprise Technology$h[electronic resource] /$cGeorge Q. Huang, K.L. Mak and Paul G. Maropoulos (Eds.).
=260  \\$aBerlin ;$aHeidelberg :$bSpringer-Verlag,$cc2010.
=300  \\$axvii, 1800 p.
=336  \\$atext$2rdacontent
=337  \\$acomputer$2rdamedia
=338  \\$aonline resource$2rdacarrier
=490  1\$aAdvances in intelligent and soft computing ;$v66
=500  \\$aInternational conference proceedings.
=500  \\$aIncludes index.
=506  \\$aAccess is restricted to subscribing institutions.
=533  \\$aElectronic reproduction.$bNew York :$cSpringer,$d2010.$nMode of access: World Wide Web.$nSystem requirements: Web browser.$nTitle from title screen (viewed on Feb. 18, 2010).$nAccess may be restricted to users at subscribing institutions.
=650  \0$aIndustrial engineering$xData processing$vCongresses.
=650  \0$aLogistics$xData processing$vCongresses.
=650  \0$aManufacturing processes$xData processing$vCongresses.
=655  \7$aElectronic books.$2local
=700  1\$aHuang, G. Q.$q(George Q.).
=700  1\$aMak, K. L.,$d1948-
=700  1\$aMaropoulos, P. G.$q(Paul G.).
=710  2\$aSpringerLink (Online service)
=830  \0$aAdvances in intelligent and soft computing ;$v66.
=852  41$aBritish Library$bDSC
=856  40$3SpringerLink$uhttp://dx.doi.org/10.1007/978-3-642-10430-5$zAn electronic book accessible through the World Wide Web; click for information
=856  40$3Full text available from SpringerLink ebooks - Engineering$uhttp://encompass.library.cornell.edu/cgi-bin/checkIP.cgi?access=gateway%5Fstandard%26url=http://dx.doi.org/10.1007/978-3-642-10430-5$zConnect to full text.
=CAT  \\$a8149$b40$c20100928$lBLL01$h1314
=CAT  \\$a11131$b40$c20101013$lBLL01$h1150
=CAT  \\$aBATCH-UPD$b40$c20210402$lBLL01$h2039
=CAT  \\$aW2308-1659$c20230923$lBLL01$h1101
=FMT  \\$a  BK
=LAS  \\$aW2308-1659$b00$c20230923$lBLL01$h1101
=SID  \\$aZ39$bOCLC

