=LDR  02997 am a22006613u 4500
=001  019763115
=003  Uk
=005  20200918173118.0
=006  m\\\\\o\\d\\\\\\\\
=007  cr\|n|||||||||
=008  200331m20199999ru\a\\\\ob\\\\000\0\rus\d
=020  \\$a9785948814667
=020  \\$z9785948814667$q(v. 1)
=020  \\$z5948814661$q(v. 1)
=035  \\$a(RuMoNKB)1122080
=035  \\$a(OCoLC)1147878275
=040  \\$aRuMoNKB$beng$cRuMoNKB
=043  \\$ae-ru---
=050  \4$aDK246$b.V57 2019
=100  1\$6880-01,$aVolkov, V. O.$q(Vsevolod Olegovich)$eauthor.
=245  10$6880-02$aDialogi s proshlym :$bXX vek /$cVsevolod Volkov.
=260  \\$aMoskva :$bNovyĭ khronograf,$c2019.
=264  \1$6880-03$aMoskva :$bNovyĭ khronograf,$c2019-
=300  \\$a1 online resource (volumes <1 (495 pages)>) :$billustrations.
=336  \\$atext$btxt$2rdacontent
=337  \\$acomputer$bc$2rdamedia
=338  \\$aonline resource$bcr$2rdacarrier
=490  1\$6880-04$aOt pervogo lit︠s︡a, istorii︠a︡ Rossii v vospominanii︠a︡kh, dnevnikakh, pisʹmakh
=504  \\$aIncludes bibliographical references.
=588  0\$aDescription based on print version record.
=648  \7$a1900-1999$2fast
=650  04$aAutobiography/Memoirs/Letters (History)
=650  04$aHistory - 20th century
=650  \0$aRussia (Federation)$vBiography$y20th century.
=650  \7$aManners and customs.$2fast$0(OCoLC)fst01007815
=651  \0$aRussia (Federation)$xHistory$y20th century.
=651  \0$aRussia (Federation)$xSocial life and customs$y20th century.
=651  \7$aRussia (Federation)$2fast$0(OCoLC)fst01262050
=655  \4$aElectronic books.
=655  \7$aHistory.$2fast$0(OCoLC)fst01411628
=776  08$iPrint version:$w(OCoLC)1145199841$z9785948814667
=830  \0$6880-05$aSerii︠a︡ "Ot pervogo lit︠s︡a--istorii︠a︡ Rossii v vospominanii︠a︡kh, dnevnikakh, pisʹmakh"
=852  41$aBritish Library$bHMNTS
=856  40$3East View$uhttps://dlib.eastview.com/browse/book/123446
=880  1\$6100-01$aВолков, В. О.$q(Всеволод Олегович),$dauthor.
=880  10$6245-02$aДиалоги с прошлым :$bXX век /$cВсеволод Волков.
=880  \1$6264-03$aМосква :$bНовый хронограф,$c2019-
=880  1\$6490-04$aОт первого лица, история России в воспоминаниях, дневниках, письмах
=880  \0$6830-05$aСерия "От первого лица, история России в воспоминаниях, дневниках, письмах".
=CAT  \\$aBATCH-KOZM$b00$c20200329$lBLL01$h1816
=CAT  \\$a484$b40$c20200918$lBLL01$h1731
=CAT  \\$aBATCH-UPD$b40$c20200918$lBLL01$h1732
=CAT  \\$aBATCH-UPD$b40$c20210317$lBLL01$h2022
=CAT  \\$aBATCH-UPD$b40$c20210719$lBLL01$h2039
=FMT  \\$a  BK
=LAS  \\$aBATCH-UPD$b40$c20210719$lBLL01$h2039
=SID  \\$aZ39$bOCLC
=SRC  \\$aKozmenko Books - Supplier$binbl15379

