=LDR  01423 am a22004217a 4500
=001  015752311
=003  Uk
=005  20110215113931.0
=006  m\\\\\\\\u\\\\\\\\
=007  cr\cn|||||||||
=008  091123s2009\\\\fr\a\\\\ob\\\\000\0\eng\d
=020  \\$z9789264054370
=020  \\$z9789264054387
=035  \\$a(OCoLC)646821470
=040  \\$aE7B$beng$cE7B$dOCLCQ
=043  \\$ae-uk---
=050  \4$aHC251$b.O33 2009eb
=245  00$aUnited Kingdom 2009$h[electronic resource].
=246  14$aUnited Kingdom
=260  \\$aParis :$bOECD,$c2009.
=300  \\$a1 online resource (142 p.) :$bill.
=336  \\$atext$2rdacontent
=337  \\$acomputer$2rdamedia
=338  \\$aonline resource$2rdacarrier
=490  1\$aOECD economic surveys,$x0376-6438 ;$vv. 2009/9, June 2009
=504  \\$aIncludes bibliographical references.
=588  \\$aDescription based on print version record.
=651  \0$aGreat Britain$xEconomic conditions$y21st century.
=651  \0$aGreat Britain$xEconomic policy$y21st century.
=655  \4$aElectronic books.
=710  2\$aOrganisation for Economic Co-operation and Development.
=830  \0$aOECD economic surveys.$pUnited Kingdom ;$vv. 2009/9, June 2009.
=852  41$aBritish Library$bDSC
=856  40$3ebrary$uhttp://site.ebrary.com/id/10326175
=CAT  \\$a8149$b40$c20110215$lBLL01$h1139
=FMT  \\$a  BK
=LAS  \\$a8149$b40$c20110215$lBLL01$h1139
=SID  \\$aZ39$bOCLC

