=LDR  01970 as a2200565 a 4500
=001  012446455
=003  Uk
=005  20070208154304.0
=006  m\\\\\\\\d\|\\\\\\
=007  cr||||||||||||
=008  040416c200u9999enkuu\p\s\ai\\0\\\a0eng\\
=015  \\$aGBA553971$2bnb
=040  \\$aUk$beng$cUk$dUk
=042  \\$aukblsr
=082  04$a333.7$222
=245  00$aEnvironmental$h[electronic resource].
=246  1\$iAlso known as:$aLexisNexis environmental
=246  13$aEnvironmental universe
=260  \\$a[Great Britain] :$bLexisNexis
=336  \\$atext$2rdacontent
=337  \\$acomputer$2rdamedia
=338  \\$aonline resource$2rdacarrier
=500  \\$aTitle from home page (viewed on 28th June 2005)
=520  \\$aCovers a broad range of environmental topics, including Environment abstracts (1975 to date), and selected full text news articles, government reports, and US legal services.
=538  \\$aMode of access: World Wide Web.
=650  \0$aEnvironmental sciences.
=650  \0$aPollution.
=650  \0$aHuman ecology.
=650  \0$aEcology.
=650  \0$aNatural resources.
=650  \0$aEnvironmental health
=650  \0$aEnvironmental pollution
=730  02$aEnvironment abstracts$x0093-3287
=852  41$aBritish Library$bSTI
=856  40$uhttp://www.lexis-nexis.com$zFor subscribers only; BL Reading Room access
=A02  \\$a3013709$z0
=CAT  \\$aCONV$b00$c20040425$lBLL90$h0713
=CAT  \\$aCONV$b00$c20040502$lBLL01$h1509
=CAT  \\$a3072$b40$c20050628$lBLL01$h1555
=CAT  \\$a3072$b40$c20050706$lBLL01$h1656
=CAT  \\$a3072$b40$c20070208$lBLL01$h1543
=CAT  \\$aBATCH$b00$c20091210$lBLL01$h2335
=CAT  \\$aBATCH$b00$c20091214$lBLL01$h0847
=CAT  \\$aBATCH$b00$c20091216$lBLL01$h0221
=CAT  \\$aWR14_140$c20140905$lBLL01$h1800
=FIN  \\$aY$d20050706
=FMT  \\$a  SE
=LAS  \\$aWR14_140$b00$c20140905$lBLL01$h1800
=SRC  \\$aDSS03$bbibsr.200404.2.aa
=TCO  \\$aCLA$bCLA$c008

