=LDR  03511 as a2200841 i 4500
=001  012449004
=003  Uk
=005  20170104150632.0
=006  m\\\\\o\\d\\\\\\\\
=007  cr\cn|||||||||
=008  990810c199u9999enkdr\w\o\s\\\0\\\a2eng\d
=015  \\$aGBA579084$2bnb
=035  \\$a(OCoLC)42042037$z(OCoLC)50640659$z(OCoLC)57512765$z(OCoLC)243535136$z(OCoLC)316064689$z(OCoLC)317626747
=040  \\$aNDD$beng$cNDD$dCLU$dOCLCQ$dZCU$dWAU$dMNM$dCUS$dCOO$dSFB$dYRM$dHNK$dOCLCQ$dVVB$dERN$dWAU$dZCU$dHVL$dOCLCF$dOCLCQ$dOCL$dUk
=042  \\$aukblsr
=050  \4$aHF5415.2
=082  04$a338$223
=130  0\$aPassport (Euromonitor International)
=245  10$aPassport.
=246  3\$aGMID--Global market information database$f<Nov. 30th, 2004>
=246  3\$aEuromonitor Global market information database$f<Nov. 30th, 2004>
=246  3\$aEuromonitor GMID$f<Nov. 30th, 2004>
=246  13$aEuromonitor Passport
=246  3\$aEuromonitor International passport
=247  10$aPassport GMID$f<Aug. 26, 2011>
=247  10$aPassport reference and markets$f<Oct. 25, 2010>
=247  10$aGlobal market information database$f<Nov. 30th, 2004>
=260  \\$aLondon, U.K. ;$aChicago, Ill. :$bEuromonitor International
=300  \\$a1 online resource.
=310  \\$aUpdated daily
=336  \\$atext$2rdacontent
=337  \\$acomputer$2rdamedia
=338  \\$aonline resource$2rdacarrier
=362  1\$aBegan in 1990s?
=500  \\$aTitle from login screen (viewed January 4, 2017).
=500  \\$aStatistics and reports are updated annually; topical comment is added on a daily basis.
=506  \\$aAccess restricted to subscribers.
=520  \\$aProvides comparable international market intelligence on countries, consumers and industries. Contains over 4,500 global, country, industry and company reports.
=538  \\$aMode of access: World Wide Web.
=650  \0$aInternational business enterprises$vDatabases.
=650  \0$aExport marketing$vDatabases.
=650  \0$aMarketing$vDatabases.
=650  \0$aMarket surveys$vDatabases.
=650  \0$aMarketing research$vDatabases.
=650  \7$aExport marketing.$2fast$0(OCoLC)fst00918703
=650  \7$aInternational business enterprises.$2fast$0(OCoLC)fst00976774
=650  \7$aMarket surveys.$2fast$0(OCoLC)fst01010149
=650  \7$aMarketing.$2fast$0(OCoLC)fst01010167
=650  \7$aMarketing research.$2fast$0(OCoLC)fst01010284
=655  \7$aDatabases.$2fast$0(OCoLC)fst01411643
=690  7\$aManagement and Business Studies$2blcoll
=710  2\$aEuromonitor International.
=780  05$tMarket research monitor
=852  41$aBritish Library$bSTI
=856  40$uhttp://www.gmid.euromonitor.com$zFor subscribers only, user name and password required; BL Reading Room access
=A02  \\$a3013097$z0
=CAT  \\$aCONV$b00$c20040425$lBLL90$h0713
=CAT  \\$aCONV$b00$c20040502$lBLL01$h1509
=CAT  \\$a3072$b40$c20050920$lBLL01$h1536
=CAT  \\$a3072$b40$c20050922$lBLL01$h1504
=CAT  \\$aBATCH$b00$c20091210$lBLL01$h2336
=CAT  \\$aBATCH$b00$c20091214$lBLL01$h0848
=CAT  \\$aBATCH$b00$c20091216$lBLL01$h0221
=CAT  \\$aWR14_140$c20140905$lBLL01$h1800
=CAT  \\$a3072$b40$c20170104$lBLL01$h1505
=CAT  \\$a3072$b40$c20170104$lBLL01$h1506
=CAT  \\$aBATCH-MBS$c20170113$lBLL01$h2110
=FIN  \\$aY$d20050922
=FMT  \\$a  SE
=LAS  \\$aBATCH-MBS$b00$c20170113$lBLL01$h2110
=SID  \\$aZ39$bOCLC
=SRC  \\$aDSS03$bbibsr.200404.2.aa
=TCO  \\$aCLA$bCLA$c008

