=LDR  01299 am a2200421 a 4500
=001  012913106
=003  Uk
=005  20060107131713.0
=006  m\\\\|\\\d\|\\\\\\
=007  cr||||||||||||
=008  040510s2004\\\\enk||||\s\\\\\00|\f\eng\\
=015  \\$aGBA440776$2bnb
=016  7\$a012913106$2Uk
=020  \\$a1904433146 :$cNo price
=040  \\$aUk$beng$cUk
=042  \\$aukblsr
=082  04$a813.6$222
=100  1\$aScheuermann, H. Jay,$d1964-
=245  10$aPaint me as I am /$cby H.J. Scheuermann.$h[electronic resource]
=260  \\$aGreat Britain :$bTwenty First Century Pub.,$cc2004.
=336  \\$atext$2rdacontent
=337  \\$acomputer$2rdamedia
=338  \\$aonline resource$2rdacarrier
=538  \\$aMode of access: Internet.
=852  41$aBritish Library$bHMNTS
=856  48$uhttp://www.twentyfirstcenturypublishers.com$zPublisher's web address.
=957  \\$r21/4/04$tMC/38197-01
=957  \\$aMC/38197-01
=AQN  \\$aVOLUNTARY DEPOSIT
=CAT  \\$a7332$b40$c20040510$lTMP01$h1203
=CAT  \\$aEXLIBRIS$c20040606$lBLL01$h1133
=CAT  \\$a6632$b40$c20060107$lBLL01$h1317
=CAT  \\$aWR16_021$c20160610$lBLL01$h1943
=FIN  \\$aY
=FMT  \\$a  BK
=LAS  \\$aWR16_021$b00$c20160610$lBLL01$h1943
=LDO  \\$aLDO$bebk
=SRC  \\$aLDS01$bbiblm.200404.2.aa

