=LDR  02639 ai a2200685 a 4500
=001  012945692
=003  Uk
=005  20121023093546.0
=006  m\\\\\\\\d\|\\\\\\
=007  cr|cn\||||||||
=008  040706d199u2010enkkr\d\s\\\\\0\\\a2eng\\
=015  \\$aGBA532096$2bnb
=040  \\$aUk$beng$cUk$dUk
=042  \\$aukblsr
=082  04$a338$222
=245  00$aMarketLine$h[electronic resource].
=246  13$aBusiness information centre
=246  13$aDatamonitor marketline business information centre
=246  1\$iAlso known as:$aMBIC
=246  1\$iAlso previously known as:$aDBIC
=247  10$f<2005-2008>$aMarketLine business information centre
=247  10$f<Apr. 2005>$aDatamonitor Business Information Centre
=247  10$f<2002-2004>$aDatamonitor market profiles - Dashboard
=260  \\$a[London] :$bDatamonitor
=260  3\$aLondon :$bMarketLine
=310  \\$aContinuously updated
=336  \\$atext$2rdacontent
=337  \\$acomputer$2rdamedia
=338  \\$aonline resource$2rdacarrier
=500  \\$aTitle from home page (viewed 16 May 2008).
=520  \\$aIncludes 10,000 company profiles, 2,000 industry profiles, also industry and competitive overviews, and 50 plus country profiles. Covers automotive & logistics, consumer markets, energy & utilities, financial services, healthcare and technology sectors.
=538  \\$aMode of access: World Wide Web.
=538  \\$aSystem requirements: Adobe Acrobat Reader for PDF files.
=580  \\$aMerged with: Business insights, to form: Datamonitor 360.
=650  \0$aBusiness$vDatabases.
=650  \0$aCorporations$vDatabases.
=650  \0$aBusiness enterprises$vDatabases.
=650  \0$aIndustries$vDatabases.
=650  \0$aMarket surveys$vDatabases.
=650  \0$aEconomic surveys.
=710  2\$aMarketLine (Firm)
=785  14$tBusiness insights
=785  14$tDatamonitor 360
=852  71$aBritish Library$bSTI
=856  40$uhttp://dbic.datamonitor.com$zFor subscribers only, user name and password required
=985  \\$asee also 007194030.
=CAT  \\$a8180$b40$c20040706$lBLL01$h1434
=CAT  \\$a8180$b40$c20040706$lBLL01$h1436
=CAT  \\$a11056$b40$c20040811$lBLL01$h1617
=CAT  \\$a3072$b40$c20050413$lBLL01$h1341
=CAT  \\$a3072$b40$c20080212$lBLL01$h1638
=CAT  \\$a3072$b40$c20080213$lBLL01$h1343
=CAT  \\$a3072$b40$c20080213$lBLL01$h1346
=CAT  \\$a3072$b40$c20100728$lBLL01$h1123
=CAT  \\$a3072$b40$c20121022$lBLL01$h1214
=CAT  \\$a3072$b40$c20121023$lBLL01$h0935
=FIN  \\$aY$d20080212
=FMT  \\$a  SE
=LAS  \\$a3072$b40$c20121023$lBLL01$h0935
=TCO  \\$aCLA$bCLA$c008

