=LDR  01828 as a2200553 a 4500
=001  013005236
=003  Uk
=005  20120106153741.0
=006  m\\\\\\\\d\|\\\\\\
=007  cr||||||||||||
=008  041003c199u9999xxuqr\p\sai\\\0\\\a0eng\\
=040  \\$aUk$beng$cUk
=042  \\$aukblsr
=082  04$a368$222
=130  0\$aRisk abstracts (Online)
=245  10$aRisk abstracts$h[electronic resource].
=260  \\$aBethesda, Md. :$bCSA.
=310  \\$aQuarterly
=336  \\$atext$2rdacontent
=337  \\$acomputer$2rdamedia
=338  \\$aonline resource$2rdacarrier
=500  \\$aTitle from initial search screen (viewed on 21 Jan. 2005).
=520  \\$aAbstracts and indexes on all aspects of risk research.
=530  \\$aAlso available in print format.
=538  \\$aMode of access: World Wide Web.
=650  \0$aRisk$vAbstracts.
=650  \0$aRisk$vIndexes.
=650  \0$aRisk management$vAbstracts.
=650  \0$aRisk management$vIndexes.
=650  \0$aRisk assessment$vAbstracts.
=650  \0$aRisk assessment$vIndexes.
=690  7\$aManagement and Business Studies$2blcoll
=776  1\$tRisk abstracts$x0824-3336
=852  41$aBritish Library$bSTI
=856  40$uhttp://uk1.csa.com$zFor subscribers only
=CAT  \\$a6946$b40$c20041003$lBLL01$h1005
=CAT  \\$a6946$b40$c20041003$lBLL01$h1035
=CAT  \\$a3072$b40$c20050121$lBLL01$h1702
=CAT  \\$a3072$b40$c20050121$lBLL01$h1712
=CAT  \\$a3072$b40$c20050211$lBLL01$h1519
=CAT  \\$a3072$b40$c20050211$lBLL01$h1530
=CAT  \\$a3072$b40$c20050225$lBLL01$h1429
=CAT  \\$aBATCH$b00$c20090611$lBLL01$h1712
=CAT  \\$a10902$b40$c20120106$lBLL01$h1413
=CAT  \\$a3072$b40$c20120106$lBLL01$h1537
=FIN  \\$aY$d20050211
=FMT  \\$a  SE
=LAS  \\$a3072$b40$c20120106$lBLL01$h1537
=TCO  \\$aTRS$bCCC$c008

