=LDR  02446 as a2200529 a 4500
=001  013005243
=003  Uk
=005  20060620113713.0
=006  m\\\\\\\\d\|\\\\\\
=007  cr||||||||||||
=008  041003c200u9999enkwr\p\saai\\0\\\a0eng\\
=015  \\$aGBA549565$2bnb
=040  \\$aUk$beng$cUk
=042  \\$aukblsr
=082  04$a363.25$222
=245  00$aForensic bibliographic database :$bFORS$h[electronic resource].
=246  30$aFORS
=260  \\$a[Great Britain] :$bForensic Science Service.
=310  \\$aUpdated weekly
=336  \\$atext$2rdacontent
=337  \\$acomputer$2rdamedia
=338  \\$aonline resource$2rdacarrier
=500  \\$aTitle from title screen (viewed on 13 June 2005)
=520  \\$aMultidisciplinary database covering literature relevant to examination of evidential materials, analytical methods and interpretation and presentation of findings. Coverage includes drugs and toxicology, forensic biology, forensic chemistry, forensic medicine and pathology, digital evidence, documents and firearms examination, arson investigation, image processing, fingerprints etc. Covers techniques used in analytical laboratories, including toxicology and body fluid identification. Relevant to forensic scientists and other professionals involved in crime investigation and expert testimony provision.
=530  \\$aAlso issued in print and CD-ROM formats.
=538  \\$aMode of access: World Wide Web.
=650  \0$aForensic sciences$vAbstracts.
=650  \0$aForensic sciences$vIndexes.
=710  1\$aGreat Britain.$bForensic Science Service.
=776  1\$tFORSight$x1476-0231
=852  41$aBritish Library$bHMNTS
=852  71$aBritish Library$bSTI
=856  40$uhttp://www.forensic.gov.uk/forensic_t/inside/products/fors/fors.htm$zFor subscribers only, requires user name and password; BL Reading Room access
=CAT  \\$a6946$b40$c20041003$lBLL01$h1305
=CAT  \\$a6946$b40$c20041003$lBLL01$h1306
=CAT  \\$a3072$b40$c20050609$lBLL01$h1409
=CAT  \\$a3072$b40$c20050609$lBLL01$h1411
=CAT  \\$a3072$b40$c20050705$lBLL01$h1205
=CAT  \\$a5194$b40$c20050712$lBLL01$h1631
=CAT  \\$a5194$b40$c20050712$lBLL01$h1648
=CAT  \\$a7416$b40$c20060620$lBLL01$h1136
=CAT  \\$a7416$b40$c20060620$lBLL01$h1137
=CAT  \\$aWR14_140$c20140905$lBLL01$h1806
=FIN  \\$aY$d20050705
=FMT  \\$a  SE
=LAS  \\$aWR14_140$b00$c20140905$lBLL01$h1806
=TCO  \\$aCLA$bCLA$c008

