=LDR  02483 as a2200553 a 4500
=001  013053542
=003  Uk
=005  20060309145010.0
=006  m\\\\\\\\d\|\\\\\\
=007  cr||||||||||||
=008  041130c200u9999it\uu\p\s\\\\\0\\\a0ita\\
=040  \\$aUk$beng$cUk
=042  \\$aukblsr
=082  04$a016.8932$222
=245  00$aCorpus dei manoscritti copti letterari$h[electronic resource] :$bCMCL.
=246  30$aCMCL
=246  13$aStudies in Coptic civilization
=246  1\$iAlso known as:$aCorpus of Coptic literary manuscripts
=260  \\$a[Roma] :$bUnione accademica nazionale
=336  \\$atext$2rdacontent
=337  \\$acomputer$2rdamedia
=338  \\$aonline resource$2rdacarrier
=500  \\$aAt head of title: Unione accademica nazionale, Università di Roma La Sapienza, Istituto patristico Augustinianum.
=500  \\$aBegan in 2003?
=500  \\$aTitle from login screen (viewed 8 Mar. 2006).
=520  \\$aContains the descriptions of literary Coptic manuscripts in the Casalini Library (Italy) compiled by Prof. T. Orlandi. Complements the published Catalogue of Coptic Literary Manuscripts in the British Library, acquired since the year 1906, prepared by Bentley Layton (London, 1987). These two collections together form the largest and most important resources for Coptic studies in the West.
=538  \\$aMode of access: World Wide Web.
=610  20$aCoptic Church$vBibliography.
=650  \0$aManuscripts, Coptic$vDatabases.
=650  \0$aCoptic literature$vBibliography.
=650  \0$aCoptic language$vBibliography.
=650  \0$aCopts$vBibliography.
=710  2\$aUnion académique internationale.
=710  2\$aUniversità degli studi di Roma "La Sapienza".
=710  2\$aIstituto patristico Augustinianum (Rome, Italy)
=852  41$aBritish Library$bOC
=856  40$uhttp://rmcisadu.let.uniroma1.it/cmcl/ammini/entrata.html$zFor subscribers only, user name and password required; BL Reading Room access
=CAT  \\$a6946$b40$c20041130$lBLL01$h1755
=CAT  \\$a6946$b40$c20041130$lBLL01$h1757
=CAT  \\$a6946$b40$c20041130$lBLL01$h1803
=CAT  \\$a6946$b40$c20041130$lBLL01$h1822
=CAT  \\$a6946$b40$c20041130$lBLL01$h1824
=CAT  \\$a3072$b40$c20060309$lBLL01$h1450
=CAT  \\$aBATCH-UPD$b40$c20080725$lBLL01$h2241
=CAT  \\$aBATCH-UPD$b40$c20081003$lBLL01$h2035
=FIN  \\$aY$d20060309
=FMT  \\$a  SE
=LAS  \\$aBATCH-UPD$b40$c20081003$lBLL01$h2035
=TCO  \\$aITA$bAIDRO / SIAE$c008

