=LDR  01979 as a2200445 a 4500
=001  013061894
=003  Uk
=005  20060223171155.0
=006  m\\\\\\\\d\|\\\\\\
=007  cr||||||||||||
=008  041212c199u9999xxuuu\p\s\\\\\0\\\a0eng\\
=040  \\$aUk$beng$cUk
=042  \\$aukblsr
=082  04$a016.5$222
=130  0\$aJournal citation reports (Science edition : Online)
=245  10$aJournal citation reports$h[electronic resource].
=246  1\$iAlso known as:$aJCR
=250  \\$aScience ed.
=260  \\$a[Philadelphia, Pa.] ;$a[London]:$bThomson
=336  \\$atext$2rdacontent
=337  \\$acomputer$2rdamedia
=338  \\$aonline resource$2rdacarrier
=490  1\$aISI web of knowledge
=500  \\$aTitle from search screen (viewed on 23rd Feb. 2006)
=520  \\$aComprehensive and unique resource that allows you to evaluate and compare journals using citation data drawn from over 7,500 scholarly and technical journals from more than 3,300 publishers in over 60 countries. Is the only source of citation data on journals and includes virtually all areas of science and technology. Shows the most frequently cited journals, the highest imact journals and the largest journals in any field.
=538  \\$aMode of access: World Wide Web.
=650  \0$aScience$xPeriodicals$vIndexes$vStatistics.
=650  \0$aScience$xPeriodicals$vIndexes$vPeriodicals.
=650  \0$aBibliographical citations$vStatistics$vPeriodicals.
=710  2\$aInstitute for Scientific Information.
=830  \0$aISI web of knowledge
=852  41$aBritish Library$bSTI
=856  40$uhttp://portal.isiknowledge.com/$zFor subscribers only, requires user name and password; BL Reading Room access
=CAT  \\$a6946$b40$c20041212$lBLL01$h1001
=CAT  \\$a6946$b40$c20041212$lBLL01$h1002
=CAT  \\$a3072$b40$c20060223$lBLL01$h1711
=CAT  \\$aBATCH$b00$c20091217$lBLL01$h0336
=FMT  \\$a  SE
=LAS  \\$aBATCH$b00$c20091217$lBLL01$h0336
=TCO  \\$aTRS$bCCC$c008

