=LDR  02771 ai a2200637 a 4500
=001  013127570
=003  Uk
=005  20120126133458.0
=006  m\\\\\\\\d\|\\\\\\
=007  cr||||||||||||
=008  050305c20039999xxu\x\d\oi\\\\0\\\a2eng\\
=040  \\$aUk$beng$cUk$dUUk
=042  \\$aukblsr
=082  04$a016.0013$222
=245  00$aHumanities & social sciences index retrospective$h[electronic resource].
=246  3\$aHumanities and social sciences index retrospective
=246  13$aHumanities & social sci retro
=246  1\$iAlso known as:$aWilson humanities & social sciences retrospective
=246  1\$aHumanities & social sciences index retrospective, 1907-1984$f<Oct. 1, 2003->
=246  1\$aHumanities & social sciences index retrospective, 1907-1984 (H.W. Wilson)$f<Jan. 24, 2012->
=260  \\$3<2003-2011>$aBronx, NY :$bH.W. Wilson
=260  3\$3<2011->$a[Ipswich, MA] :$bEBSCO
=336  \\$atext$2rdacontent
=337  \\$acomputer$2rdamedia
=338  \\$aonline resource$2rdacarrier
=362  1\$aBegan in 2003.
=500  \\$aA bibliographic database that cites articles from humanities and social sciences journals and covers a wide range of interdisciplinary fields. Dates covered: 1907-1984.
=500  \\$aTitle from advanced search screen (EBSCO, viewed Jan. 24, 2012).
=500  \\$aMade available through: WilsonWeb.
=516  \\$aText (Citation database).
=520  \\$aCumulates: International index (and its predecessor titles), 1907-Mar. 1965; Social sciences & humanities index, Apr, 1965-Mar. 1974; Humanities index, Apr. 1974-Mar. 1984; and, Social sciences index, Apr. 1974-Mar. 1983.
=538  \\$aMode of access: World Wide Web.
=650  \0$aPeriodicals$vIndexes.
=650  \0$aHumanities$xPeriodicals$vIndexes.
=650  \0$aSocial sciences$xPeriodicals$vIndexes.
=710  2\$aEBSCO Publishing (Firm)
=710  2\$aH.W. Wilson Company.
=730  0\$aWilsonWeb.
=730  02$aInternational index.
=730  02$aSocial sciences & humanities index.
=730  02$aHumanities index.
=730  02$aSocial sciences index.
=852  41$aBritish Library$bHMNTS
=856  40$uhttp://search.ebscohost.com$zFor subscribers only, requires user name and password; BL Reading Room acess
=856  4\$uhttp://hwwilsonweb.com/$zNo longer valid as of: 02/01/2012
=CAT  \\$a6946$b40$c20050305$lBLL01$h1031
=CAT  \\$a6946$b40$c20050305$lBLL01$h1032
=CAT  \\$a3072$b40$c20050920$lBLL01$h1613
=CAT  \\$a3072$b40$c20050920$lBLL01$h1626
=CAT  \\$a3072$b40$c20050922$lBLL01$h0928
=CAT  \\$a3072$b40$c20120126$lBLL01$h1201
=CAT  \\$a3072$b40$c20120126$lBLL01$h1334
=FIN  \\$aY$d20050922
=FMT  \\$a  SE
=LAS  \\$a3072$b40$c20120126$lBLL01$h1334
=TCO  \\$aTRS$bCCC$c008

