=LDR  01809 as a2200433 a 4500
=001  013353450
=003  Uk
=005  20051206121146.0
=006  m\\\\\\\\d\|\\\\\\
=007  cr||||||||||||
=008  051206c200u9999enkuu\p\s\\\\\0\\\a0eng\\
=015  \\$aGBA603464$2bnb
=040  \\$aUk$beng$cUk
=042  \\$aukblsr
=082  04$a348.41$222
=245  00$aLexisNexis Butterworths.$p[Legal]$h[electronic resource].
=246  1\$iAlso known as:$aLegislation online service
=246  1\$iAlso known as:$aLNB
=246  1\$iAlso known as:$aSingle source
=260  \\$a[Croydon] :$bLexisNexis Butterworths.
=336  \\$atext$2rdacontent
=337  \\$acomputer$2rdamedia
=338  \\$aonline resource$2rdacarrier
=500  \\$aBegan in 2005?
=500  \\$aTitle from "LexisNexis Butterworths: Legal home page" (viewed on 8 Dec. 2005)
=520  \\$aDatabase giving one-stop access to a vast range of LexisNexis content (32 sources), described in the introduction as "the most most comprehensive & authoritative online legal information", including: the various "All England" series, "Butterworths" series, "Halsbury's" series, and sources for Scotland and Northern Ireland.
=538  \\$aMode of access: World Wide Web.
=650  \0$aLaw$zGreat Britain.
=787  0\$tLegislation direct
=852  41$aBritish Library$bSTI
=856  40$uhttp://www.lexisnexis.com/uk/legal$zFor subscribers only, requires user name and password; BL Reading Room access
=CAT  \\$a3072$b40$c20051206$lBLL01$h1201
=CAT  \\$a3072$b40$c20051206$lBLL01$h1211
=CAT  \\$aWR14_140$c20140905$lBLL01$h1810
=FIN  \\$aY$d20051206
=FMT  \\$a  SE
=LAS  \\$aWR14_140$b00$c20140905$lBLL01$h1810
=LKR  \\$aPAR$b012446597$lBLL01$r787$mLexisNexis Butterworths.$nLegislation direct
=TCO  \\$aCLA$bCLA$c008

