=LDR  01990cam a22005057a 4500
=001  013535775
=003  Uk
=005  20060822091155.0
=006  m\\\\\\\\d\\\\\\\\
=006  suu\\\s\\\\\0\\\\2
=007  cr\mn\\\\\\\\\
=008  060207m20069999caua\\\\sb\\\\000\0\eng\d
=020  \\$a1598290231 (ebook)
=020  \\$a1598290223 (paper)
=040  \\$aWAU$cWAU$dWAU$dBAKER$dOCLCQ
=100  1\$aWang, Zhou,$d1972-
=245  10$aModern image quality assessment$h[electronic resource] /$cZhou Wang, Alan C. Bovik.
=260  \\$a[San Rafael, Calif.] :$bMorgan & Claypool Publishers,$cc2006-
=300  \\$ax, 146 p. :$bdigital, PDF file.
=336  \\$atext$2rdacontent
=337  \\$acomputer$2rdamedia
=338  \\$aonline resource$2rdacarrier
=490  1\$aSynthesis lectures on image, video, and multimedia processing
=500  \\$aTitle from PDF t.p. (viewed Feb. 7, 2006).
=500  \\$aRevised on an ongoing basis as necessary.
=500  \\$aSeries statement from caption on home page.
=504  \\$aIncludes bibliographical references (p. 133-146).
=506  \\$aAvailable to subscribers only.
=530  \\$aAlso available in print.
=538  \\$aSystem requirements: Adobe Acrobat Reader.
=538  \\$aMode of acess: World Wide Web.
=650  \0$aImage processing$xDigital techniques.
=650  \0$aImaging systems$xImage quality.
=700  1\$aBovik, Alan C.$q(Alan Conrad),$d1958-
=830  \0$aSynthesis lectures on image, video, and multimedia processing.
=852  41$aBritish Library$bDSC
=856  40$uhttp://www.morganclaypool.com/doi/abs/10.2200/S00010ED1V01Y200508IVM003$zConnect to this title online; UW restricted
=CAT  \\$a4861$b40$c20060822$lBLL01$h0911
=CAT  \\$aBATCH$b00$c20091217$lBLL01$h0429
=CAT  \\$aBATCH$b00$c20100103$lBLL01$h1223
=CAT  \\$aW2308-1659$c20230923$lBLL01$h0925
=CAT  \\$aBATCH-UPD$b00$c20230924$lBLL01$h1048
=FMT  \\$a  BK
=LAS  \\$aBATCH-UPD$b00$c20230924$lBLL01$h1048
=SID  \\$aZ39$bOCLC

