=LDR  01869 as a2200481 a 4500
=001  012435916
=003  Uk
=005  20080815114039.0
=006  m\\\\\\\\d\|\\\\\\
=007  cr||||||||||||
=008  040415c20019999xxuuu\p\s\\\\\0\\\a0eng\\
=040  \\$aUk$beng$cUk
=042  \\$aukblsr
=082  04$a920.720973$222
=245  00$aNorth American women's letters and diaries$h[electronic resource] :$bcolonial to 1950.
=246  1\$iAlso known as:$aNWLD
=260  \\$aAlexandria, Va. :$bAlexandria Street Press,$c[2001]-
=336  \\$atext$2rdacontent
=337  \\$acomputer$2rdamedia
=338  \\$aonline resource$2rdacarrier
=500  \\$aTitle from home page (viewed on 14 July 2005)
=520  \\$aWhen complete, the collection will include more than 150,000 pages of primary materials spanning more than 300 years; it also includes biographies and a bibliography of sources.
=538  \\$aMode of access: World Wide Web.
=550  \\$aProduced in collaboration with the University of Chicago.
=650  \0$aAmerican letters$zWomen authors.
=650  \0$aAmerican diaries$xWomen authors.
=650  \0$aWomen$zNorth America$xBiography.
=650  \0$aWomen$zNorth America$xHistory$vSources.
=852  41$aBritish Library$bHMNTS
=856  40$uhttp://www.alexanderstreet2.com/NWLDlive/$zFor subscribers only; BL Reading Room access
=A02  \\$a1342643$z142643
=CAT  \\$aCONV$b00$c20040425$lBLL90$h0713
=CAT  \\$aCONV$b00$c20040502$lBLL01$h1508
=CAT  \\$a3072$b40$c20050714$lBLL01$h1129
=CAT  \\$a8874$b40$c20080815$lBLL01$h1140
=CAT  \\$aBATCH$b00$c20091210$lBLL01$h2331
=CAT  \\$aBATCH$b00$c20091214$lBLL01$h0844
=CAT  \\$aBATCH$b00$c20091216$lBLL01$h0217
=FIN  \\$aY$d20050714
=FMT  \\$a  SE
=LAS  \\$aBATCH$b00$c20091216$lBLL01$h0217
=SRC  \\$aDSS02$bbibh.200404.2.aa
=TCO  \\$aTRS$bCCC$c008

