=LDR  01717 as a2200385 a 4500
=001  012443989
=003  Uk
=005  20050629151804.0
=006  m\\\\\\\\d\|\\\\\\
=007  cr||||||||||||
=008  040415c199u9999xxuuu\p\s\di\\0\\\a0eng\\
=040  \\$aUk$beng$cUk
=042  \\$aukblsr
=082  04$a427.02$222
=245  00$aMiddle English compendium$h[electronic resource].
=260  \\$aAnn Arbor, [Mich.] :$bUniversity of Michigan Press.
=336  \\$atext$2rdacontent
=337  \\$acomputer$2rdamedia
=338  \\$aonline resource$2rdacarrier
=500  \\$aTitle from home page; description based on Jan. 2002 release (viewed on 29 June 2005)
=520  \\$aDesigned to offer easy access to and interconnectivity between three major Middle English electronic resources: an electronic version of the Middle English Dictionary, a HyperBibliography of Middle English prose and verse, based on the MED bibliographies, a Corpus of Middle English prose and verse, as well as links to an associated network of electronic resources.
=538  \\$aMode of access: World Wide Web.
=650  \0$aEnglish language$yMiddle English, 1100-1500$vIndexes.
=650  \0$aEnglish language$yMiddle English, 1100-1500$vTexts.
=650  \0$aEnglish language$yMiddle English, 1100-1500$vDictionaries.
=852  41$aBritish Library$bHMNTS
=856  40$uhttp://ets.umdl.umich.edu/m/mec$zFor subscribers only; BL Reading Room access
=CAT  \\$aCONV$b00$c20040425$lBLL90$h0713
=CAT  \\$aCONV$b00$c20040502$lBLL01$h1509
=CAT  \\$a3072$b40$c20050629$lBLL01$h1518
=FIN  \\$aY$d20050629
=FMT  \\$a  SE
=LAS  \\$a3072$b40$c20050629$lBLL01$h1518
=SRC  \\$aDSS02$bbibh.200404.2.aa
=TCO  \\$aTRS$bCCC$c008

