=LDR  02175cas a2200565 a 4500
=001  012446078
=003  Uk
=005  20060512103320.0
=006  m\\\\\\\\d\|\\\\\\
=007  cr||||||||||||
=008  040416c200u9999enkuu\p\s\\\\\0\\\a0eng\\
=015  \\$aGBA626441$2bnb
=040  \\$aUk$beng$cUk
=042  \\$aukblsr
=082  04$a016.33847$222
=130  0\$aMarketing surveys index (Online)
=245  10$aMarketing surveys index$h[electronic resource].
=246  13$aMidnight Croquet presents marketing surveys index
=260  \\$aHoniton :$bMidnight Croquet
=336  \\$atext$2rdacontent
=337  \\$acomputer$2rdamedia
=338  \\$aonline resource$2rdacarrier
=500  \\$aBegan in 2003?
=500  \\$aTitle from home page (viewed on 24th Feb. 2006)
=520  \\$aThe Index holds details of over 55000 published market reports from more than 1100 publishers around the world. Added features include: sources of statistics from government services; links to trade association websites; executive summaries and tables of contents for market studies; abstracts from conference proceedings.
=538  \\$aMode of access: World Wide Web.
=650  \0$aMarket surveys$vIndexes.
=650  \0$aCommercial statistics$vIndexes.
=650  \0$aMarketing$vIndexes.
=710  2\$aMidnight Croquet Ltd.
=780  00$tMarketing surveys index
=852  41$aBritish Library$bSTI
=856  40$uhttp://www.marketingsurveysindex.com$zFor subscribers only; BL Reading Room access
=985  \\$anew body
=A02  \\$a3019368$z0
=CAT  \\$aCONV$b00$c20040425$lBLL90$h0713
=CAT  \\$aCONV$b00$c20040502$lBLL01$h1509
=CAT  \\$a3072$b40$c20060224$lBLL01$h1643
=CAT  \\$a3072$b40$c20060224$lBLL01$h1656
=CAT  \\$a3072$b40$c20060224$lBLL01$h1700
=CAT  \\$a3072$b40$c20060224$lBLL01$h1712
=CAT  \\$a7332$b40$c20060512$lBLL01$h1033
=CAT  \\$aBATCH$b00$c20091210$lBLL01$h2335
=CAT  \\$aBATCH$b00$c20091214$lBLL01$h0847
=CAT  \\$aBATCH$b00$c20091216$lBLL01$h0220
=FIN  \\$aY$d20060224
=FMT  \\$a  SE
=LAS  \\$aBATCH$b00$c20091216$lBLL01$h0220
=SRC  \\$aDSS03$bbibsr.200404.2.aa
=TCO  \\$aCLA$bCLA$c008

