=LDR  02022cai a2200577 a 4500
=001  012447635
=003  Uk
=005  20230721213351.0
=006  m\\\\\\\\d\|\\\\\\
=007  cr||||||||||||
=008  040416c200u9999xxu\x\d\saai\\0\\\a2eng\\
=040  \\$aUk$beng$cUk$dUk
=042  \\$aukblsr
=082  04$a330$222
=245  00$aEuropean business ASAP$h[electronic resource].
=246  1\$iAlso known as:$aEuro business ASAP
=260  \\$a[United States?] :$bThomson Gale
=260  3\$3<2007>$a[United States?] :$bGale, Cengage Learning
=336  \\$atext$2rdacontent
=337  \\$acomputer$2rdamedia
=338  \\$aonline resource$2rdacarrier
=500  \\$aAvailable as part of Infotrac.
=500  \\$aTitle from search screen (viewed on 21 Sept. 2005)
=520  \\$aFull text of over 100 business and management journals. Covers 1983 onwards.
=538  \\$aMode of access: World Wide Web.
=650  \0$aBusiness.
=650  \0$aBusiness$xPeriodicals$vIndexes.
=650  \0$aManagement.
=650  \0$aManagement$xPeriodicals$vIndexes.
=650  \0$aCommerce.
=650  \0$aCommerce$xPeriodicals$vIndexes.
=690  7\$aManagement and Business Studies$2blcoll
=852  41$aBritish Library$bSTI
=856  40$uhttp://infotrac.galegroup.com$zFor subscribers only; BL Reading Room access
=A02  \\$a3010253$z0
=CAT  \\$aCONV$b00$c20040425$lBLL90$h0713
=CAT  \\$aCONV$b00$c20040502$lBLL01$h1509
=CAT  \\$a3072$b40$c20050921$lBLL01$h1147
=CAT  \\$a3072$b40$c20050921$lBLL01$h1148
=CAT  \\$a3072$b40$c20050921$lBLL01$h1156
=CAT  \\$a3072$b40$c20050922$lBLL01$h0940
=CAT  \\$a3072$b40$c20080212$lBLL01$h1711
=CAT  \\$aBATCH$b00$c20091210$lBLL01$h2336
=CAT  \\$aBATCH$b00$c20091214$lBLL01$h0847
=CAT  \\$aBATCH$b00$c20091216$lBLL01$h0221
=CAT  \\$aBATCH-MBS$c20230721$lBLL01$h2133
=FIN  \\$aY$d20050922
=FMT  \\$a  SE
=LAS  \\$aBATCH-MBS$b00$c20230721$lBLL01$h2133
=SRC  \\$aDSS03$bbibsr.200404.2.aa
=TCO  \\$aTRS$bCCC$c008

