=LDR  02382cas a2200613 a 4500
=001  012447715
=003  Uk
=005  20170105154152.0
=006  m\\\\\\\\d\|\\\\\\
=007  cr||||||||||||
=008  040416c199u9999xxuuu\p\saai\\0\\\a0eng\\
=015  \\$aGBA534629$2bnb
=040  \\$aUk$beng$cUk$dUk
=042  \\$aukblsr
=082  04$a570$222
=130  0\$aBiological abstracts (Online)
=245  10$aBiological abstracts$h[electronic resource].
=260  \\$a[New York, N.Y. ;$aLondon (Merlin House, 20 Belmont Terrace, Chiswick, W4 5UG) :$bOvid Technologies].
=336  \\$atext$2rdacontent
=337  \\$acomputer$2rdamedia
=338  \\$aonline resource$2rdacarrier
=500  \\$aTitle from database selection screen (viewed on 21 Apr. 2005)
=520  \\$aBibliographic database covering all aspects of the life sciences.
=538  \\$aMode of access: World Wide Web.
=650  \0$aLife sciences$vAbstracts.
=650  \0$aLife sciences$vIndexes.
=650  \0$aBiology$vAbstracts.
=650  \0$aBiology$vIndexes.
=730  02$aBiosis previews
=776  0\$tBiological abstracts$x0006-3169
=787  0\$tBiological abstracts on compact disc$x1058-4129
=852  41$aBritish Library$bSTI
=856  40$uhttp://web5.silverplatter.com/webspirs/start.ws$zFor subscribers only; BL Reading Room access
=985  \\$aCorrected by BSS-generated file for WR# 12/016
=985  \\$a730 added for backfile of Biosis previews back file 69-09.
=A02  \\$a1452031$z52031
=CAT  \\$aCONV$b00$c20040425$lBLL90$h0713
=CAT  \\$aCONV$b00$c20040502$lBLL01$h1509
=CAT  \\$a3072$b40$c20050421$lBLL01$h1026
=CAT  \\$a3072$b40$c20050421$lBLL01$h1030
=CAT  \\$a3072$b40$c20050512$lBLL01$h1446
=CAT  \\$a3072$b40$c20050512$lBLL01$h1449
=CAT  \\$aBATCH$b00$c20091210$lBLL01$h2336
=CAT  \\$aBATCH$b00$c20091214$lBLL01$h0847
=CAT  \\$aBATCH$b00$c20091216$lBLL01$h0221
=CAT  \\$aBLSS-CORR$b00$c20120215$lBLL01$h1616
=CAT  \\$a3072$b40$c20170105$lBLL01$h1541
=FIN  \\$aY$d20050512
=FMT  \\$a  SE
=LAS  \\$a3072$b40$c20170105$lBLL01$h1541
=LKR  \\$aPAR$b011101360$lBLL01$r776$mBiological abstracts (Online)$nBiological abstracts (Print)
=LKR  \\$aPAR$b011101361$lBLL01$r787$mBiological abstracts$nBIOLOGICAL ABSTRACTS ON COMPACT DISC.
=SRC  \\$aDSS03$bbibsr.200404.2.aa
=TCO  \\$aTRS$bCCC$c008

