=LDR  02149 ai a2200589 a 4500
=001  012447794
=003  Uk
=005  20120706101115.0
=006  m\\\\\\\\d\|\\\\\\
=007  cr||||||||||||
=008  040416c199u9999xxcmr\d\s\\\\\0\\\a2eng\\
=040  \\$aUk$beng$cUk$dUk
=042  \\$aukblsr
=082  04$a615.9020212$222
=130  0\$aRTECS (Online)
=245  10$aRTECS$h[electronic resource].
=246  3\$aRegistry of toxic effects of chemical substances
=260  \\$a[Hamilton, Ont.] :$bCanadian Centre for Occupational Health and Safety
=310  \\$aUpdated monthly
=336  \\$atext$2rdacontent
=337  \\$acomputer$2rdamedia
=338  \\$aonline resource$2rdacarrier
=500  \\$aTitle from web site search screen (viewed on 24th Jan. 2005).
=520  \\$aRegister of Toxic Effects of Chemical Substances.
=538  \\$aMode of access: World Wide Web.
=650  \0$aPoisons$vTables.
=650  \0$aIndustrial toxicology.
=650  \0$aToxicology$vTerminology$xEnglish.
=710  2\$aCanadian Centre for Occupational Health and Safety.
=787  0\$tRTECS
=787  0\$tRegistry of toxic effects of chemical substances$x0361-2546
=787  0\$tRegistry of toxic effects of chemical substances (Microform)
=852  41$aBritish Library$bSTI
=856  40$uhttp://ccinfoweb.ccohs.ca/rtecs/search.html$zFor subscribers only, requires user name and password
=A02  \\$a3020030$z0
=CAT  \\$aCONV$b00$c20040425$lBLL90$h0713
=CAT  \\$a3072$b40$c20050210$lBLL01$h1032
=CAT  \\$a3072$b40$c20050210$lBLL01$h1145
=CAT  \\$a3072$b40$c20050322$lBLL01$h1621
=CAT  \\$a6550$b40$c20050322$lBLL01$h1639
=CAT  \\$a6550$b40$c20050322$lBLL01$h1640
=CAT  \\$a6550$b40$c20050323$lBLL01$h0854
=CAT  \\$aBATCH$b00$c20091210$lBLL01$h2336
=CAT  \\$aBATCH$b00$c20091214$lBLL01$h0847
=CAT  \\$aBATCH$b00$c20091216$lBLL01$h0221
=CAT  \\$a3072$b40$c20120706$lBLL01$h1010
=CAT  \\$a3072$b40$c20120706$lBLL01$h1011
=FIN  \\$aY$d20050210
=FMT  \\$a  SE
=LAS  \\$a3072$b40$c20120706$lBLL01$h1011
=SRC  \\$aDSS03$bbibsr.200404.2.aa
=TCO  \\$aCAN$bAccess$c008

