=LDR  02145 ai a2200577 a 4500
=001  012448962
=003  Uk
=005  20090424154645.0
=006  m\\\\\\\\d\|\\\\\\
=007  cr||||||||||||
=008  040416d200u2008enkdr\d\sf\\\\0\\\a2eng\\
=015  \\$aGBA553902$2bnb
=037  \\$aNo price
=040  \\$aUk$beng$cUk$dUk
=042  \\$aukblsr
=082  04$a658.40830941$222
=245  00$aConsult Gee environment$h[electronic resource].
=246  30$aEnvironment
=260  \\$aLondon :$bGee Publishing,$c-2008.
=310  \\$aUpdated daily
=336  \\$atext$2rdacontent
=337  \\$acomputer$2rdamedia
=338  \\$aonline resource$2rdacarrier
=500  \\$aFrom Sept? 2008 absorbed by: Croner-i environment and sustainability.
=520  \\$aCovers environmental legislation and its application in business and industry.
=538  \\$aMode of access: World Wide Web.
=538  \\$aTitle from home page (viewed on 28th June. 2005).
=650  \0$aEnvironmental law$zGreat Britain$vHandbooks, manuals, etc.
=650  \0$aIndustrial management$xEnvironmental aspects$zGreat Britain$vHandbooks, manuals, etc.
=650  \0$aSocial responsibility of business$zGreat Britain$vHandbooks, manuals, etc.
=780  00$tEnvironment now
=785  10$uCroner-i environment and sustainability
=852  41$aBritish Library$bSTI
=856  4\$uhttp://environment.consultgee.co.uk$zNo longer links to resource as of Sept? 2008
=A02  \\$a3011251$z0
=CAT  \\$aCONV$b00$c20040425$lBLL90$h0713
=CAT  \\$aCONV$b00$c20040502$lBLL01$h1509
=CAT  \\$a3072$b40$c20050628$lBLL01$h1402
=CAT  \\$a3072$b40$c20050629$lBLL01$h0941
=CAT  \\$a3072$b40$c20050629$lBLL01$h1416
=CAT  \\$a3072$b40$c20050714$lBLL01$h1141
=CAT  \\$a11249$b40$c20051212$lBLL01$h1427
=CAT  \\$a3072$b40$c20090424$lBLL01$h1546
=CAT  \\$aBATCH$b00$c20091210$lBLL01$h2336
=CAT  \\$aBATCH$b00$c20091214$lBLL01$h0848
=CAT  \\$aBATCH$b00$c20091216$lBLL01$h0221
=FIN  \\$aY$d20050629
=FMT  \\$a  SE
=LAS  \\$aBATCH$b00$c20091216$lBLL01$h0221
=SRC  \\$aDSS03$bbibsr.200404.2.aa
=TCO  \\$aCLA$bCLA$c008

