=LDR  02694 ai a2200673 a 4500
=001  009918011
=003  Uk
=005  20081215153707.0
=006  m\\\\\\\\d\|\\\\\\
=007  cr||||||||||||
=008  030926c199u9999xxuqr\d\s\\\\\0\\\|2eng\\
=015  \\$aGBA328576$2bnb
=019  y\$abA328576
=019  9\$abA328576
=019  1\$abA328576
=039  0\$a2761
=040  \\$aUk$cUk$dUk
=082  04$a016.306$221
=130  0\$aAnthropological literature (Online)
=245  10$aAnthropological literature$h[electronic resource].
=260  \\$a[Dublin, Ohio] :$bOCLC
=310  \\$aUpdated quarterly
=336  \\$atext$2rdacontent
=337  \\$acomputer$2rdamedia
=338  \\$aonline resource$2rdacarrier
=500  \\$aDatabase produced by: Tozzer Library, Harvard University.
=500  \\$aTitle from title screen (viewed on 9 Apr., 2003)
=520  \\$aBibliographical index to articles and essays on anthropology and archaelology. Articles of two or more pages long are indexed from works published in English and other European languages from the 19th century to the present.
=530  \\$aAlso available in print, microfiche, microfilm, and CD-ROM formats.
=538  \\$aMode of access: World Wide Web.
=550  \\$aMade available until Sept. 2007 by the Research Libraries Group.
=580  \\$aAlso available online together with Anthropology index online as: AnthropologyPlus.
=650  \0$aAnthropology$xPeriodicals$vIndexes.
=650  \0$aAnthropology$xPeriodicals$vBibliography.
=710  2\$aResearch Libraries Group.
=710  2\$aTozzer Library.
=710  2\$aOCLC.
=775  1\$tAnthropology plus
=852  41$aBritish Library$bHMNTS
=856  40$uhttp://www.oclc.org/firstsearch/$zFor subscribers only, requires account and password; BL Reading Room access
=856  4\$uhttp://eureka.rlg.ac.uk$zNo longer links to resource as of Oct. 2007
=886  2\$2ukmarc$a910$b20$aRLG$xSee$aResearch Libraries Group$z710
=886  2\$2ukmarc$a910$b20$aHarvard University$cTozzer Library$xSee$aTozzer Library$z710/1
=CAT  \\$aCONV$b00$c20040425$lBLL90$h0723
=CAT  \\$aCONV$b00$c20040502$lBLL01$h1343
=CAT  \\$a3072$b40$c20071003$lBLL01$h1607
=CAT  \\$a3072$b40$c20081215$lBLL01$h1525
=CAT  \\$a3072$b40$c20081215$lBLL01$h1531
=CAT  \\$a3072$b40$c20081215$lBLL01$h1537
=CAT  \\$aBATCH$b00$c20091209$lBLL01$h2357
=CAT  \\$aWR14_140$c20140905$lBLL01$h1739
=FIN  \\$aY
=FMT  \\$a  SE
=LAS  \\$aWR14_140$b00$c20140905$lBLL01$h1739
=LEO  \\$aMP5.0000020924
=LEO  \\$aMP13.0000236983
=SRC  \\$aBNB03$bbibmp5.200404.2.aa
=SRC  \\$aHSS01$bbibmp13.200404.2.aa
=TCO  \\$aTRS$bCCC$c008

