=LDR  02594aai a2200661 a 4500
=001  007194273
=003  Uk
=005  20100824114201.0
=006  m\\\\\\\\d\|\\\\\\
=007  cr||||||||||||
=008  020717c200u9999xxuuu\d\se\\\\0\\\a2eng\\
=015  \\$aGBA539070$2bnb
=022  0\$a1476-9514$202
=040  \\$aUk$beng$cUk$dUk
=042  \\$aukblsr$aissnuk
=082  04$a520.3$222
=130  0\$aEncyclopedia of astronomy and astrophysics (Online)
=210  0\$aEncycl. astron. astrophys.$b(Online)
=222  \0$aEncyclopedia of astronomy and astrophysics$b(Online)
=245  10$aEncyclopedia of astronomy and astrophysics$h[electronic resource].
=246  1\$iAlso known as:$aEAA
=260  \\$a[Basingstoke ;$aNew York] :$bNature Pub. Group ;$a[Bristol] :$bInstitute of Physics Pub.
=260  3\$aBoca Raton, Fla. ;$aAbingdon :$bTaylor & Francis.
=336  \\$atext$2rdacontent
=337  \\$acomputer$2rdamedia
=338  \\$aonline resource$2rdacarrier
=500  \\$aTitle from home page (viewed Aug. 23, 2010).
=520  \\$aGives access to the text of the printed encyclopedia, with periodic additions of new material, extensive links to primary literature and important astronomy websites.
=538  \\$aMode of access: World Wide Web.
=650  \0$aAstronomy$vEncyclopedias.
=650  \0$aAstrophysics$vEncyclopedias.
=650  \0$aWeb sites$vDirectories.
=710  2\$aInstitute of Physics (Great Britain)
=787  0\$tEnclopedia of astronomy and astrophysics
=787  0\$tCanopus encyclopedia of astronomy
=852  41$aBritish Library$bSTI
=856  40$uhttp://eaa.crcpress.com/default.asp$zFor subscribers only, requires user name and password; BL Reading Room access
=A02  \\$a1448507$z48507
=CAT  \\$aCONV$b00$c20040425$lBLL90$h0713
=CAT  \\$aCONV$b00$c20040502$lBLL01$h1212
=CAT  \\$a3072$b40$c20050504$lBLL01$h1609
=CAT  \\$a3072$b40$c20050505$lBLL01$h1002
=CAT  \\$a3072$b40$c20050519$lBLL01$h1350
=CAT  \\$aglobal_upd$b40$c20060417$lBLL01$h1548
=CAT  \\$a11249$b40$c20060801$lBLL01$h0847
=CAT  \\$aBATCH$b00$c20091207$lBLL01$h0416
=CAT  \\$aBATCH$b00$c20091214$lBLL01$h0221
=CAT  \\$aBATCH$b00$c20091216$lBLL01$h0041
=CAT  \\$a3072$b40$c20100824$lBLL01$h1141
=CAT  \\$a3072$b40$c20100824$lBLL01$h1142
=CAT  \\$aWR14_140$c20140905$lBLL01$h1714
=FIN  \\$aY
=FMT  \\$a  SE
=LAS  \\$aWR14_140$b00$c20140905$lBLL01$h1714
=LEO  \\$aMP22.0000068885
=SRC  \\$aISN01$bbibmp22.200404.2.aa
=SRC  \\$aDSS03$bbibsr.200404.2.aa
=TCO  \\$aTRS$bCCC$c008

