=LDR  02180 ai a2200577 a 4500
=001  007195025
=003  Uk
=005  20090326154004.0
=006  m\\\\\\\\d\|\\\\\\
=007  cr||||||||||||
=008  040416d200u2008xxu\x\d\sr\\\\0\\\a2eng\\
=040  \\$aUk$beng$cUk$dUk
=042  \\$aukblsr
=082  04$a338.74025$222
=245  00$aInvestext plus$h[electronic resource] :$b(Infotrac).
=260  \\$a[United States?] :$bThomson-Gale.
=260  3\$3<2007>$a[United States?] :$bGale, Cengage Learning
=336  \\$atext$2rdacontent
=337  \\$acomputer$2rdamedia
=338  \\$aonline resource$2rdacarrier
=500  \\$aCeased publication at the end of 2008.
=500  \\$aTitle from initial search screen (viewed on 15 Dec. 2004).
=520  \\$aAbstracts, brokers' reports and forecasts for more than 11,000 US and international companies and 53 industries; available as part of Infotrac Searchbank.
=538  \\$aMode of access: World Wide Web.
=650  \0$aCorporations$xFinance$vDirectories.
=650  \0$aCorporations$zUnited States$xFinance$vDirectories.
=690  7\$aManagement and Business Studies$2blcoll
=780  00$tResearch bank web
=852  41$aBritish Library$bSTI
=856  4\$uhttp://infotrac.galegroup.com/itweb$zLink no longer valid
=A02  \\$a3009670$z0
=CAT  \\$aCONV$b00$c20040425$lBLL90$h0713
=CAT  \\$aCONV$b00$c20040502$lBLL01$h1212
=CAT  \\$a3072$b40$c20050120$lBLL01$h1202
=CAT  \\$a3072$b40$c20050203$lBLL01$h1535
=CAT  \\$a3072$b40$c20050210$lBLL01$h1154
=CAT  \\$a3072$b40$c20050216$lBLL01$h1154
=CAT  \\$a3072$b40$c20080212$lBLL01$h1702
=CAT  \\$a3072$b40$c20080212$lBLL01$h1707
=CAT  \\$a3072$b40$c20090326$lBLL01$h1540
=CAT  \\$aBATCH$b00$c20090517$lBLL01$h1818
=CAT  \\$aBATCH$b00$c20091207$lBLL01$h0416
=CAT  \\$aBATCH$b00$c20091214$lBLL01$h0222
=CAT  \\$aBATCH$b00$c20091216$lBLL01$h0041
=CAT  \\$aBATCH690$c20100715$lBLL01$h2100
=CAT  \\$aBATCH-MBS$c20100716$lBLL01$h2045
=FIN  \\$aY$d20050216
=FMT  \\$a  SE
=LAS  \\$aBATCH-MBS$b00$c20100716$lBLL01$h2045
=SRC  \\$aDSS03$bbibsr.200404.2.aa
=TCO  \\$aTRS$bCCC$c008

