=LDR  02407 as a2200613 a 4500
=001  007195433
=003  Uk
=005  20080924144538.0
=006  m\\\\\\\\d\|\\\\\\
=007  cr|cn|||||||||
=008  040416d200u2008enkdn\p\sfw\\\0\\\a0eng\\
=015  \\$aGBA524691$2bnb
=040  \\$aUk$beng$cUk$dUk
=042  \\$aukblsr
=082  04$a658.300941$222
=245  00$aConsult Gee human resources$h[electronic resource].
=246  30$aHuman resources
=260  \\$aLondon (100 Avenue Road Swiss Cottage London NW3 3PG) :$bGee Publishing,$c-2008.
=336  \\$atext$2rdacontent
=337  \\$acomputer$2rdamedia
=338  \\$aonline resource$2rdacarrier
=500  \\$aFrom Sept? 2008 absorbed by: Croner-i human resources.
=500  \\$aTitle from home page (viewed on 22 Mar. 2005).
=520  \\$aOnline access to a personnel manager's fact finder, legislation, case reports, model documents and news reports. Includes 24 hour telephone and email consultancy line.
=538  \\$aMode of access: World Wide Web.
=650  \0$aPersonnel management$zGreat Britain$vHandbooks, manuals, etc.
=650  \0$aLabor laws and legislation$zGreat Britain$vHandbooks, manuals, etc.
=690  7\$aManagement and Business Studies$2blcoll
=780  00$tHR now online
=785  10$tCroner-i human resources
=852  41$aBritish Library$bHMNTS
=856  4\$uhttp://hr.consultgee.co.uk/app/gbn/gbn/main$zNo longer links to resource as of Sept? 2008
=A02  \\$a1447906$z47906
=CAT  \\$aCONV$b00$c20040425$lBLL90$h0713
=CAT  \\$a3072$b40$c20050322$lBLL01$h1724
=CAT  \\$a6946$b40$c20050419$lBLL01$h1357
=CAT  \\$a6946$b40$c20050419$lBLL01$h1400
=CAT  \\$a6946$b40$c20050419$lBLL01$h1405
=CAT  \\$a3072$b40$c20050629$lBLL01$h1339
=CAT  \\$a11249$b40$c20051209$lBLL01$h1606
=CAT  \\$a3072$b40$c20080924$lBLL01$h1401
=CAT  \\$a3072$b40$c20080924$lBLL01$h1415
=CAT  \\$a3072$b40$c20080924$lBLL01$h1445
=CAT  \\$aBATCH$b00$c20090517$lBLL01$h1818
=CAT  \\$aBATCH$b00$c20091207$lBLL01$h0417
=CAT  \\$aBATCH$b00$c20091214$lBLL01$h0222
=CAT  \\$aBATCH$b00$c20091216$lBLL01$h0041
=CAT  \\$aBATCH690$c20100715$lBLL01$h2100
=CAT  \\$aBATCH-MBS$c20100716$lBLL01$h2045
=FIN  \\$aY$d20050322
=FMT  \\$a  SE
=LAS  \\$aBATCH-MBS$b00$c20100716$lBLL01$h2045
=SRC  \\$aDSS03$bbibsr.200404.2.aa
=TCO  \\$aCLA$bCLA$c008

