=LDR  02437 as a2200601 a 4500
=001  007195851
=003  Uk
=005  20131112121545.0
=006  m\\\\\\\\d\|\\\\\\
=007  cr|cn\||||||||
=008  040416d200u201uenkzu\p\s\r\\\0\\\a0eng\\
=015  \\$aGBA524146$2bnb
=040  \\$aUk$beng$cUk
=042  \\$aukblsr
=082  04$a362.1094105$222
=245  00$aBinleys online$h[electronic resource].
=246  3\$aBinleysonline
=246  3\$aBinley's online
=260  \\$aBasildon (Beechwood House, 2-3 Commercial Way, Christy Close, Southfields SS15 6EF) :$bBeechwood House Publishing.
=310  \\$aUpdated at least weekly (more frequently for some modules)
=336  \\$atext$2rdacontent
=337  \\$acomputer$2rdamedia
=338  \\$aonline resource$2rdacarrier
=500  \\$aData previously published on various CD-ROMs.
=500  \\$aTitle from title screen (viewed on 15 Mar. 2005)
=520  \\$aArchive of full text NHS policy and planning documentation, including Health Improvement Programmes and Director of Public Health reports. With directories and news modules.
=538  \\$aMode of access: World Wide Web.
=610  10$aGreat Britain.$bNational Health Service.
=650  \0$aHealth planning$zGreat Britain.
=650  \0$aPhysicians (General practice)$zGreat Britain$vDirectories.
=650  \0$aPharmacists$zGreat Britain$vDirectories.
=650  \0$aPrimary care (Medicine)$zGreat Britain$vDirectories.
=650  \0$aGroup medical practice$zGreat Britain$vDirectories.
=650  \0$aHealth facilities$zGreat Britain$vDirectories.
=690  7\$aSocial Welfare$2blcoll
=852  41$aBritish Library$bSTI
=856  40$uhttp://www.binleysonline.com$zFor subscribers only, requires user name and password; BL Reading Room access
=A02  \\$a3012192$z0
=CAT  \\$aCONV$b00$c20040425$lBLL90$h0713
=CAT  \\$aCONV$b00$c20040502$lBLL01$h1212
=CAT  \\$a3072$b40$c20050316$lBLL01$h1415
=CAT  \\$a3072$b40$c20050322$lBLL01$h1711
=CAT  \\$aBATCH$b00$c20091207$lBLL01$h0417
=CAT  \\$aBATCH$b00$c20091214$lBLL01$h0222
=CAT  \\$aBATCH$b00$c20091216$lBLL01$h0041
=CAT  \\$aBATCH$b00$c20110625$lBLL01$h0337
=CAT  \\$a7778$b40$c20131112$lBLL01$h1215
=CAT  \\$aWR14_140$c20140905$lBLL01$h1714
=FIN  \\$aY$d20050316
=FMT  \\$a  SE
=LAS  \\$aWR14_140$b00$c20140905$lBLL01$h1714
=SRC  \\$aDSS03$bbibsr.200404.2.aa
=TCO  \\$aCLA$bCLA$c008

