=LDR  02452cas a2200625 a 4500
=001  007196631
=003  Uk
=005  20050707174237.0
=006  m\\\\\\\\d\|\\\\\\
=007  cr|cn|||||||||
=008  040416c200u9999enkwr\p\si\\\\0\\\a0eng\\
=015  \\$aGBA532120$2bnb
=040  \\$aUk$beng$cUk
=042  \\$aukblsr
=082  04$a016.6$222
=245  00$aDerwent innovations index$h[electronic resource].
=260  \\$a[London] :$bThomson Derwent ;$bThomson ISI.
=310  \\$aUpdated weekly
=336  \\$atext$2rdacontent
=337  \\$acomputer$2rdamedia
=338  \\$aonline resource$2rdacarrier
=490  1\$aISI web of knowledge
=500  \\$aTitle from search screen (viewed on 13 Apr. 2005)
=520  \\$aIncludes records from Derwent World Patents Index and, and patent citation information from: Derwent Patents Citation Index. Covers over 20 million patents worldwide from 1963. Covers: chemical, electronic and electrical engineering, and mechanical engineering.
=530  \\$aAlso issued in various print publications.
=538  \\$aMode of access: World Wide Web.
=650  \0$aChemical engineering$vPatents$vIndexes.
=650  \0$aChemistry$vPatents$bIndexes.
=650  \0$aElectronic apparatus and appliances$vPatents$vIndexes.
=650  \0$aElectrical engineering$vPatents$vIndexes.
=650  \0$aMechanical engineering$vPatents$vIndexes.
=710  2\$aInstitute for Scientific Information.
=740  0\$aWorld patents index
=740  0\$aPatents citation index
=830  \0$aISI web of knowledge
=852  41$aBritish Library$bSTI
=856  40$uhttp://isi1.newisiknowledge.com/portal.cgi$zFor subscribers only; BL Reading Room access
=A02  \\$a1447585$z47585
=CAT  \\$aCONV$b00$c20040425$lBLL90$h0713
=CAT  \\$aCONV$b00$c20040502$lBLL01$h1212
=CAT  \\$a3072$b40$c20050413$lBLL01$h1536
=CAT  \\$a3072$b40$c20050616$lBLL01$h1207
=CAT  \\$a3072$b40$c20050707$lBLL01$h1738
=CAT  \\$a3072$b40$c20050707$lBLL01$h1742
=CAT  \\$aBATCH-UPD$b40$c20060723$lBLL01$h1834
=CAT  \\$aBATCH$b00$c20091207$lBLL01$h0417
=CAT  \\$aBATCH$b00$c20091214$lBLL01$h0222
=CAT  \\$aBATCH$b00$c20091216$lBLL01$h0042
=CAT  \\$aBATCH$b00$c20100103$lBLL01$h1147
=CAT  \\$aWR14_140$c20140905$lBLL01$h1714
=FIN  \\$aY$d20050707
=FMT  \\$a  SE
=LAS  \\$aWR14_140$b00$c20140905$lBLL01$h1714
=SRC  \\$aDSS03$bbibsr.200404.2.aa
=TCO  \\$aCLA$bCLA$c008

