=LDR  02388 as a2200625 a 4500
=001  007197412
=003  Uk
=005  20050217112820.0
=006  m\\\\\\\\d\|\\\\\\
=007  cr||||||||||||
=008  040416c200u9999enkku\p\\\i\\\0\\\a0eng\\
=015  \\$aGBA514600$2bnb
=040  \\$aUk$beng$cUk
=041  0\$aeng$amul
=042  \\$aukblsr
=082  04$a330$222
=245  00$aLexisNexis executive$h[electronic resource].
=260  \\$a[London?] :$bLexisNexis Group.
=310  \\$aContinuously updated
=336  \\$atext$2rdacontent
=337  \\$acomputer$2rdamedia
=338  \\$aonline resource$2rdacarrier
=500  \\$aTitle from home page (viewed on 15 December 2004)
=520  \\$aDatabase of fulltext information taken from local, national and international general news sources and agencies, professional journals and specialist trade, company and industry sources. Includes company information from ICC, Extel, Disclosure, and Directory of Directors. Aimed at business users, but also covers general current affairs.
=538  \\$aMode of access: World Wide Web.
=546  \\$aIn major European languages.
=650  \0$aBusiness
=650  \0$aBusiness$vIndexes.
=650  \0$aCorporations$xFinance.
=650  \0$aCorporations$xFinance$vIndexes.
=650  \0$aNewspapers.
=650  \0$aNewspapers$vIndexes.
=650  \0$aPeriodicals
=650  \0$aPeriodicals$vIndexes.
=690  7\$aManagement and Business Studies$2blcoll
=852  41$aBritish Library$bSTI
=856  40$uhttp://web.lexis-nexis.com/executive$zFor subscribers only, requires user name and password; BL Reading Room access
=A02  \\$a3020862$z0
=CAT  \\$aCONV$b00$c20040425$lBLL90$h0713
=CAT  \\$a3072$b40$c20050113$lBLL01$h1434
=CAT  \\$a3072$b40$c20050202$lBLL01$h1407
=CAT  \\$a3072$b40$c20050203$lBLL01$h1647
=CAT  \\$a3072$b40$c20050210$lBLL01$h1613
=CAT  \\$a3072$b40$c20050217$lBLL01$h1119
=CAT  \\$a3072$b40$c20050217$lBLL01$h1128
=CAT  \\$aBATCH$b00$c20091207$lBLL01$h0417
=CAT  \\$aBATCH$b00$c20091214$lBLL01$h0223
=CAT  \\$aBATCH$b00$c20091216$lBLL01$h0042
=CAT  \\$aWR14_140$c20140905$lBLL01$h1714
=CAT  \\$aBATCH-MBS$c20160909$lBLL01$h2055
=FIN  \\$aY$d20050217
=FMT  \\$a  SE
=LAS  \\$aBATCH-MBS$b00$c20160909$lBLL01$h2055
=SRC  \\$aDSS03$bbibsr.200404.2.aa
=TCO  \\$aCLA$bCLA$c008

