=LDR  02169 as a2200541 a 4500
=001  007197613
=003  Uk
=005  20050922150845.0
=006  m\\\\\\\\d\|\\\\\\
=007  cr||||||||||||
=008  040416c20019999xxuuu\p\s\\\\\0\\\a0eng\\
=015  \\$aGBA580754$2bnb
=040  \\$aUk$beng$cUk
=042  \\$aukblsr
=082  04$a330$222
=245  00$aISI emerging markets$h[electronic resource].
=246  1\$iAlso known as:$aEMIS
=246  30$aEmerging markets
=260  \\$aNew York ;$aLondon :$bInternet Securities,$c2001-
=336  \\$atext$2rdacontent
=337  \\$acomputer$2rdamedia
=338  \\$aonline resource$2rdacarrier
=500  \\$aTitle from company information page (viewed on 21 Sept. 2005)
=520  \\$aCompany and industry information focused on markets of Asia, Central and Eastern Europe, Middle East/North Africa and Latin America. Company reports, financial statements and other data on thousands of public and private companies. Also covers full text sources from these regions.
=538  \\$aMode of access: World Wide Web.
=650  \0$aInvestments$xDeveloping countries.
=650  \0$aSecurities$zDeveloping countries.
=650  \0$aBusiness information services$zDeveloping countries
=650  \0$aBusiness enterprises$zDeveloping countries$xFinance.
=651  \0$aDeveloping countries$xEconomic conditions.
=710  2\$aInternet Securities, Inc.
=852  41$aBritish Library$bSTI
=856  40$uhttp://site.securities.com/$zFor subscribers only; follow links to resource; BL Reading Room access
=A02  \\$a3006974$z0
=CAT  \\$aCONV$b00$c20040425$lBLL90$h0713
=CAT  \\$aCONV$b00$c20040502$lBLL01$h1212
=CAT  \\$a3072$b40$c20050921$lBLL01$h1402
=CAT  \\$a3072$b40$c20050922$lBLL01$h1508
=CAT  \\$a11249$b40$c20070620$lBLL01$h1143
=CAT  \\$aBATCH$b00$c20091207$lBLL01$h0417
=CAT  \\$aBATCH$b00$c20091214$lBLL01$h0223
=CAT  \\$aBATCH$b00$c20091216$lBLL01$h0042
=CAT  \\$aWR14_140$c20140905$lBLL01$h1714
=FIN  \\$aY$d20050922
=FMT  \\$a  SE
=LAS  \\$aWR14_140$b00$c20140905$lBLL01$h1714
=SRC  \\$aDSS03$bbibsr.200404.2.aa
=TCO  \\$aTRS$bCCC$c008

