=LDR  02222 as a2200553 a 4500
=001  007197790
=003  Uk
=005  20050922092323.0
=006  m\\\\\\\\d\|\\\\\\
=007  cr||||||||||||
=008  040416c19999999enkdr\p\s\\\\\0\\\a0eng\\
=015  \\$aGBA580776$2bnb
=040  \\$aUk$beng$cUk
=042  \\$aukblsr
=082  04$a330$222
=245  00$aEIU viewswire$h[electronic resource] /$cEconomist Intelligence Unit.
=246  3\$aEIU views wire
=246  3\$aEconomist Intelligence Unit viewswire
=246  30$aViewswire
=260  \\$aLondon :$bEconomist Intelligence Unit,$c[1999]-
=310  \\$aUpdated daily
=336  \\$atext$2rdacontent
=337  \\$acomputer$2rdamedia
=338  \\$aonline resource$2rdacarrier
=500  \\$aTitle from home page screen (viewed on 21 Sept. 2005)
=520  \\$aWeb-based intelligence service on important economic, political, business and market developments for 195 countries, which includes analytical briefings. From within the Economist Group it uses material from the Economist itself, CFO Magazine, the Journal of Commerce, the Financial Times, the BBC Monitoring division, China Online and the OECD, among others. Includes present, plus 5 year forecasts.
=538  \\$aMode of access: World Wide Web.
=650  \0$aBusiness and politics.
=650  \0$aEconomics.
=650  \0$aMarket surveys.
=690  7\$aManagement and Business Studies$2blcoll
=710  2\$aEconomist Intelligence Unit (Great Britain)
=852  41$aBritish Library$bSTI
=856  40$uhttp://www.viewswire.com/$zFor subscribers only; BL Reading Room access.
=A02  \\$a3010268$z0
=CAT  \\$aCONV$b00$c20040425$lBLL90$h0713
=CAT  \\$aCONV$b00$c20040502$lBLL01$h1212
=CAT  \\$a3072$b40$c20050921$lBLL01$h1438
=CAT  \\$a3072$b40$c20050921$lBLL01$h1447
=CAT  \\$a3072$b40$c20050922$lBLL01$h0923
=CAT  \\$aBATCH$b00$c20091207$lBLL01$h0417
=CAT  \\$aBATCH$b00$c20091214$lBLL01$h0223
=CAT  \\$aBATCH$b00$c20091216$lBLL01$h0042
=CAT  \\$aBATCH-MBS$c20190111$lBLL01$h2130
=FIN  \\$aY$d20050922
=FMT  \\$a  SE
=LAS  \\$aBATCH-MBS$b00$c20190111$lBLL01$h2130
=SRC  \\$aDSS03$bbibsr.200404.2.aa
=TCO  \\$aCLA$bCLA$c008

