=LDR  03569 ai a2200733 a 4500
=001  007198194
=003  Uk
=005  20090827151259.0
=006  m\\\\\\\\d\|\\\\\\
=007  cr|cn\||||||||
=008  040416d200u2009enkuu\d\s\\\\\0\\\a2eng\\
=015  \\$aGBA485151$2bnb
=040  \\$aUk$beng$cUk$dUk
=042  \\$aukblsr
=082  04$a330.95005$222
=245  00$aAsia intelligence service$h[electronic resource].
=246  13$aAsiaInt.com
=260  \\$aLondon (61 Old Street London EC1V 9HW) :$bAsia Intelligence Ltd,$c-2009.
=336  \\$atext$2rdacontent
=337  \\$acomputer$2rdamedia
=338  \\$aonline resource$2rdacarrier
=500  \\$aTitle from home page, accessible via AsiaInt.com (viewed on Nov. 26, 2004).
=520  \\$aEconomic and political news and analysis about Asia. Provides access to: AsiaInt weekly alert, AsiaInt political & strategic review, AsiaInt economic intelligence review, and AsiaInt special reports, plus full access to the AsiaInt archives, the AsiaInt Monitoring Centre, AsiaInt priority alerts and the AsiaInt Client.
=538  \\$aMode of access: World Wide Web.
=538  \\$aSystem requirements: Adobe Acrobat Reader.
=580  \\$aFrom Aug. 3, 2009 absorbed into into the Asia service of "Business monitor online", at www.businessmonitor.com/bmo/asia - (home page, viewed on Aug. 26, 2009).
=650  \0$aBusiness$zAsia$vPeriodicals.
=651  \0$aAsia$xEconomic policy$vPeriodicals.
=651  \0$aAsia$xPolitics and government$vPeriodicals.
=710  2\$aIntelligence Research (Organization).$bAsia Intelligence Division.
=730  0\$aAsiaInt weekly alert$x1479-7828.
=730  0\$aAsiaInt political & strategic review$x1479-7836.
=730  0\$aAsiaInt economic intelligence review$x1479-7844.
=730  0\$aAsiaInt special reports$x1743-55463.
=730  0\$aAsiaInt South Asia review$x1756-7114.
=730  0\$aAsiaInt North Asia review$x1756-7106.
=852  41$aBritish Library$bSTI
=856  4\$uhttp://www.asiaint.com/$zAs of Aug. 2009 no longer links to resource
=985  \\$aTo Aug 2009 BL access was to AsiaInt political & strategic review, and: AsiaInt special reports. Then integrated into "Business Monitor online Asia country risk service" - info from Web site home page, Aug. 26, 2009; 785 not done, - not sure which parts of BMO we'll subscribe to, & therefore how it will be catalogued; whether "Business monitor online. Asia service" or just "Business monitor online"
=A02  \\$a3021257$z0
=CAT  \\$aCONV$b00$c20040425$lBLL90$h0713
=CAT  \\$a3072$b40$c20050120$lBLL01$h1633
=CAT  \\$a3072$b40$c20050204$lBLL01$h1337
=CAT  \\$a3072$b40$c20050324$lBLL01$h1417
=CAT  \\$a3072$b40$c20050324$lBLL01$h1638
=CAT  \\$a3072$b40$c20050324$lBLL01$h1651
=CAT  \\$a3072$b40$c20050406$lBLL01$h1217
=CAT  \\$aUE-01$b00$c20060227$lBLL01$h1633
=CAT  \\$a11249$b40$c20060717$lBLL01$h0904
=CAT  \\$a11249$b40$c20060717$lBLL01$h0915
=CAT  \\$aBATCH-UPD$b40$c20070422$lBLL01$h1840
=CAT  \\$a11249$b40$c20070620$lBLL01$h1037
=CAT  \\$a3072$b40$c20090827$lBLL01$h1209
=CAT  \\$a3072$b40$c20090827$lBLL01$h1415
=CAT  \\$a3072$b40$c20090827$lBLL01$h1512
=CAT  \\$aBATCH$b00$c20091207$lBLL01$h0417
=CAT  \\$aBATCH$b00$c20091214$lBLL01$h0223
=CAT  \\$aBATCH$b00$c20091216$lBLL01$h0042
=CAT  \\$aWR14_140$c20140905$lBLL01$h1714
=FIN  \\$aY$d20050406
=FMT  \\$a  SE
=LAS  \\$aWR14_140$b00$c20140905$lBLL01$h1714
=SRC  \\$aDSS03$bbibsr.200404.2.aa
=TCO  \\$aCLA$bCLA$c008

