=LDR  01919 as a2200505 a 4500
=001  007201094
=003  Uk
=005  20050427134131.0
=006  m\\\\\\\\d\|\\\\\\
=007  cr||||||||||||
=008  040416c199u9999enkwr\p\s\vw\\0\\\a0eng\\
=015  \\$aGBA514676$2bnb
=040  \\$aUk$beng$cUk
=042  \\$aukblsr
=082  04$a348.41$222
=245  00$aJustcite$h[electronic resource].
=260  \\$aLondon (Grand Union House, 20 Kentish Town Road, London NW1 9NR United Kingdom) :$bContext.
=310  \\$aUpdated weekly
=336  \\$atext$2rdacontent
=337  \\$acomputer$2rdamedia
=338  \\$aonline resource$2rdacarrier
=500  \\$aTitle from home page (viewed 21 Jan. 2005)
=520  \\$aIndex to a comprehensive collection of authoritative UK and European legal information, including UK case law, with links to full text of reports, and archives.
=538  \\$aMode of access: World Wide Web.
=650  \0$aLaw reports, digests, etc.$zGreat Britain$vIndexes.
=650  \0$aLaw reports, digests, etc.$zEuropean Union countries.
=852  41$aBritish Library$bSTI
=856  40$uhttp://justcite.co.uk$zFor subscribers only, requires user name and password; BL Reading Room access
=A02  \\$a3022224$z0
=CAT  \\$aCONV$b00$c20040425$lBLL90$h0713
=CAT  \\$aCONV$b00$c20040502$lBLL01$h1212
=CAT  \\$a3072$b40$c20050121$lBLL01$h1129
=CAT  \\$a3072$b40$c20050121$lBLL01$h1132
=CAT  \\$a3072$b40$c20050217$lBLL01$h1547
=CAT  \\$a11249$b40$c20050412$lBLL01$h1526
=CAT  \\$a3072$b40$c20050427$lBLL01$h1341
=CAT  \\$aBATCH$b00$c20091207$lBLL01$h0418
=CAT  \\$aBATCH$b00$c20091214$lBLL01$h0224
=CAT  \\$aBATCH$b00$c20091216$lBLL01$h0043
=CAT  \\$aWR14_140$c20140905$lBLL01$h1714
=FIN  \\$aY$d20050217
=FMT  \\$a  SE
=LAS  \\$aWR14_140$b00$c20140905$lBLL01$h1714
=SRC  \\$aDSS03$bbibsr.200404.2.aa
=TCO  \\$aCLA$bCLA$c008

