=LDR  01885 ai a2200505 a 4500
=001  007193657
=003  Uk
=005  20120706101234.0
=006  m\\\\\\\\d\|\\\\\\
=007  cr||||||||||||
=008  040416c199u9999xxuuu\d\s\f\\\0\\\a2eng\\
=040  \\$aUk$beng$cUk$dUk
=042  \\$aukblsr
=082  04$a600$222
=245  00$aKnovel$h[electronic resource].
=260  \\$aNorwich, N.Y. :$bKnovel Corporation
=336  \\$atext$2rdacontent
=337  \\$acomputer$2rdamedia
=338  \\$aonline resource$2rdacarrier
=500  \\$aTitle from home page (viewed on 18th Nov. 2004).
=520  \\$aContains scientific and engineering handbooks and databases that can be searched simultaneously through the web interface. Includes comprehensive treatment of technologies plus chemistry, the environment and health & safety.
=538  \\$aMode of access: World Wide Web.
=650  \0$aTechnology$vHandbooks, manuals, etc.
=650  \0$aEngineering$vHandbooks, manuals, etc.
=650  \0$aChemistry$vHandbooks, manuals, etc.
=852  41$aBritish Library$bSTI
=856  40$uhttp://www.knovel.com/knovel2$zFor subscribers only
=A02  \\$a3022734$z0
=CAT  \\$aCONV$b00$c20040425$lBLL90$h0713
=CAT  \\$a3072$b40$c20041125$lBLL01$h1406
=CAT  \\$a3072$b40$c20050128$lBLL01$h1010
=CAT  \\$a3072$b40$c20050204$lBLL01$h1447
=CAT  \\$a3072$b40$c20050204$lBLL01$h1506
=CAT  \\$a3072$b40$c20050209$lBLL01$h1542
=CAT  \\$a3072$b40$c20050209$lBLL01$h1546
=CAT  \\$aBATCH$b00$c20091207$lBLL01$h0416
=CAT  \\$aBATCH$b00$c20091214$lBLL01$h0221
=CAT  \\$aBATCH$b00$c20091216$lBLL01$h0041
=CAT  \\$a3072$b40$c20120706$lBLL01$h1008
=CAT  \\$a3072$b40$c20120706$lBLL01$h1012
=FIN  \\$aY$d20050209
=FMT  \\$a  SE
=LAS  \\$a3072$b40$c20120706$lBLL01$h1012
=SRC  \\$aDSS03$bbibsr.200404.2.aa
=TCO  \\$aTRS$bCCC$c008

