=LDR  02264 as a2200565 a 4500
=001  007194816
=003  Uk
=005  20061110153711.0
=006  m\\\\\\\\d\|\\\\\\
=007  cr||||||||||||
=008  040416c20049999xxuuu\p\s\s\\\0\\\a0eng\\
=040  \\$aUk$beng$cUk$dUk
=041  0\$aeng$arus
=042  \\$aukblsr
=082  04$a319.4705$222
=245  00$aUDB statistics$h[electronic resource].
=246  13$aRussian/NIS statistical publications
=246  13$aUniversal database of Russian statistical publications
=246  13$aUniversal database of Russian/NIS statistical publications
=246  13$aRussia statistical publications
=246  13$aCIS statistical publications
=260  \\$aMinneapolis, Minn. :$bEast View Publications.
=336  \\$atext$2rdacontent
=337  \\$acomputer$2rdamedia
=338  \\$aonline resource$2rdacarrier
=500  \\$aTitle from login page (viewed 21 Jan. 2005)
=520  \\$aOnline Russian and CIS Statistical Publications (Eastview). Covers Russian and English language publications, reports and data sets from the State Committee of the Russian Federation on Statistics and the Interstate Statistical Committee of the Commonwealth of Independent States.
=538  \\$aMode of access: World Wide Web.
=546  \\$aInterface in English or Russian.
=610  20$aCommonwealth of Independent States$vStatistics.
=651  \0$aRussia (Federation)$vStatistics.
=651  \0$aFormer Soviet republics$vStatistics.
=852  41$aBritish Library$bSTI
=856  40$uhttp://online.eastview.com$zFor subscribers only; BL Reading Room access only.
=A02  \\$a3024138$z0
=CAT  \\$aCONV$b00$c20040425$lBLL90$h0713
=CAT  \\$aCONV$b00$c20040502$lBLL01$h1212
=CAT  \\$a3072$b40$c20050121$lBLL01$h1558
=CAT  \\$a3072$b40$c20050121$lBLL01$h1602
=CAT  \\$a3072$b40$c20050202$lBLL01$h1727
=CAT  \\$a3072$b40$c20050211$lBLL01$h1416
=CAT  \\$a3072$b40$c20061110$lBLL01$h1537
=CAT  \\$aBATCH$b00$c20091207$lBLL01$h0416
=CAT  \\$aBATCH$b00$c20091214$lBLL01$h0222
=CAT  \\$aBATCH$b00$c20091216$lBLL01$h0041
=FIN  \\$aY$d20050211
=FMT  \\$a  SE
=LAS  \\$aBATCH$b00$c20091216$lBLL01$h0041
=SRC  \\$aDSS03$bbibsr.200404.2.aa
=TCO  \\$aTRS$bCCC$c008

