=LDR  02573 as a2200601 a 4500
=001  007198653
=003  Uk
=005  20100104111802.0
=006  m\\\\\\\\d\|\\\\\\
=007  cr|cn\||||||||
=008  040417c199u9999enkmr\p\s\\\\\0\\\a0eng\\
=015  \\$aGBA530603$2bnb
=040  \\$aUk$beng$cUk
=042  \\$aukblsr
=082  04$a347.42055$222
=130  0\$aEncyclopaedia of forms & precedents (Online)
=245  10$aEncyclopaedia of forms & precedents$h[electronic resource].
=246  3\$aEncyclopaedia of forms and precedents
=246  13$aEncyclopaedia of forms and precedents direct
=246  3\$aEncyclopedia of forms and precedents
=260  \\$a[London] :$bReed Elsevier.
=310  \\$aUpdated monthly
=336  \\$atext$2rdacontent
=337  \\$acomputer$2rdamedia
=338  \\$aonline resource$2rdacarrier
=500  \\$aPart of Butterworths LexisNexis direct.
=500  \\$aDescription based on: ed. 5 (title from title page viewed on 12 Apr. 2005)
=520  \\$aSource of precedents for lawyers in all forms of non-litigious practice, with commentary on the law and drafting guidance. Provides access to over 10,000 forms and precedents covering areas such as commercial law, property, family law, trusts and wills. It also includes practical checklists, procedural tables, and guidance on tax, stamp duty and land registration. Includes: Consolidated index and form finder.
=530  \\$aAlso issued in print format, and on CD-ROM
=538  \\$aMode of access: World Wide Web.
=650  \0$aForms (Law)$zEngland.
=650  \0$aForms (Law)$zWales.
=650  \0$aForms (Law)$zEngland$vIndexes.
=650  \0$aForms (Law)$zWales$vIndexes.
=787  0\$tEncyclopaedia of forms & precedents
=787  0\$tEncyclopaedia of forms & precedents (CD-ROM)
=852  41$aBritish Library$bSTI
=856  40$uhttp://www.butterworths.com$zFor subscribers only, requires user name and password; BL Reading Room access
=CAT  \\$aCONV$b00$c20040425$lBLL90$h0713
=CAT  \\$aCONV$b00$c20040502$lBLL01$h1212
=CAT  \\$a3072$b40$c20050809$lBLL01$h1655
=CAT  \\$a3072$b40$c20050810$lBLL01$h1002
=CAT  \\$a3072$b40$c20050810$lBLL01$h1003
=CAT  \\$aBATCH$b00$c20091207$lBLL01$h0418
=CAT  \\$aBATCH$b00$c20091214$lBLL01$h0223
=CAT  \\$aBATCH$b00$c20091216$lBLL01$h0042
=CAT  \\$a7332$b40$c20100104$lBLL01$h1118
=FIN  \\$aY$d20050809
=FMT  \\$a  SE
=LAS  \\$a7332$b40$c20100104$lBLL01$h1118
=SRC  \\$aDSS04$bbibld.200404.2.aa
=SRC  \\$aDSS03$bbibsr.200404.2.aa
=TCO  \\$aCLA$bCLA$c008

