=LDR  01266cas a22003857i 4500
=001  020355876
=003  Uk
=005  20220120090745.0
=006  m\\\\\\\\d\|\\\\\\
=007  cr||||||||||||
=008  211012c20219999enker\p\o\\\\\0\\\a0eng\\
=022  0\$a2754-4184$202
=040  \\$aUk$beng$cUk$erda
=042  \\$aissnuk
=222  \0$aCompanies friend
=245  00$aCompanies friend.
=264  \1$aNorwich :$bMoneyfacts.co.uk Limited
=310  \\$aFortnightly
=336  \\$atext$2rdacontent
=337  \\$acomputer$2rdamedia
=338  \\$aonline resource$2rdacarrier
=588  \\$aDescription based on: 8th November 2021 (link to copy received via email, viewed November 9, 2021).
=780  00$tBusiness friend$x2753-1325
=852  41$aBritish Library$bHMNTS
=856  4\$uhttps://moneyfacts.co.uk/business/$zTo subscribe
=985  \\$aISSN ONLY RECORD - E-MEDIA RARP DECISION (10/1/22).
=CAT  \\$a10806$b40$c20211012$lBLL01$h1354
=CAT  \\$a10806$b40$c20211012$lBLL01$h1356
=CAT  \\$a10806$b40$c20211012$lBLL01$h1443
=CAT  \\$a10806$b40$c20211109$lBLL01$h0817
=CAT  \\$a8483$b40$c20220120$lBLL01$h0907
=FIN  \\$aY$d20211109
=FMT  \\$a  SE
=LAS  \\$a8483$b40$c20220120$lBLL01$h0907
=LET  \0$aCompanies friend (Electronic)

