=LDR  01154cas a22003617i 4500
=001  020486802
=003  Uk
=005  20220805105524.0
=006  m\\\\\\\\d\|\\\\\\
=007  cr||||||||||||
=008  220214c20229999enkqr\p\o\\\\\0\\\a0eng\\
=022  0\$a2754-5911$202
=040  \\$aUk$beng$cUk$erda
=042  \\$aissnuk
=222  \0$aSnowflake magazine$b(Online)
=245  00$aSnowflake magazine.
=264  \1$a[Nottingham] :$bMAZ Media
=310  \\$aQuarterly
=336  \\$atext$2rdacontent
=337  \\$acomputer$2rdamedia
=338  \\$aonline resource$2rdacarrier
=588  \\$aDescription based on: volume 1, issue 1 ; title from supplied PDF.
=776  08$iAlso issued in print as:$tSnowflake magazine$x2754-5903
=852  41$aBritish Library$bHMNTS
=856  4\$uhttps://www.snowflakeculture.com/shop$zTo subscribe
=CAT  \\$a10806$b40$c20220214$lBLL01$h1322
=CAT  \\$a10973$b40$c20220519$lBLL01$h1331
=CAT  \\$a10973$b40$c20220519$lBLL01$h1334
=CAT  \\$a11205$b40$c20220805$lBLL01$h1055
=FIN  \\$aY$d20220519
=FMT  \\$a  SE
=LAS  \\$a11205$b40$c20220805$lBLL01$h1055
=LET  \0$aSnowflake magazine (Electronic)

