=LDR  01303cas a22003497i 4500
=001  018987245
=003  Uk
=005  20200109110759.0
=006  m\\\\\\\\d\|\\\\\\
=007  cr||||||||||||
=008  180724c20189999enk\x\p\o\\\\\0\\\a0eng\\
=022  0\$a2631-3545$202
=040  \\$aUk$beng$cUk$erda
=042  \\$aissnuk
=222  \0$aÉtudes Mésopotamiennes$b(Online)
=245  00$aÉtudes Mésopotamiennes =$bMesopotamian studies.
=246  31$aMesopotamian studies
=246  30$aEMMS
=264  \1$aSummertown, Oxford :$bArchaeopress Publishing Ltd
=336  \\$atext$2rdacontent
=337  \\$acomputer$2rdamedia
=338  \\$aonline resource$2rdacarrier
=588  \\$aDescription based on: numéro 1 (2018); title from thumbnail of cover (Archaeopress, viewed January 9, 2020).
=776  08$iAlso issued in print as:$tÉtudes Mésopotamiennes$x2631-3537
=852  41$aBritish Library$bHMNTS$3No. 1 (2018)-
=856  4\$uhttp://archaeopress.com/ArchaeopressShop/Public/displayProductDetail.asp?id={AC0F73FD-1B48-451D-BFC4-6C0F56A22BB7}$zTo purchase
=CAT  \\$a11313$b40$c20180724$lBLL01$h1349
=CAT  \\$a11205$b40$c20200109$lBLL01$h1107
=FIN  \\$aY$d20200109
=FMT  \\$a  SE
=LAS  \\$a11205$b40$c20200109$lBLL01$h1107
=LET  \0$aÉtudes Mésopotamiennes (Electronic)

