=LDR  01027 as a22002893i 4500
=001  017967864
=003  Uk
=005  20160809160305.0
=006  m\\\\\|\\d\|\\\\\\
=007  cr\|||||||||||
=008  160809c20089999enkqr\p\o\\\\\0\\\a0eng\\
=130  0\$aPOLISHED (BOREHAMWOOD, ENGLAND)
=245  10$aPolished.
=246  3\$aPolished magazine
=264  \1$aBorehamwood :$bLouella Belle Limited
=336  \\$atext$2rdacontent
=337  \\$acomputer$2rdamedia
=338  \\$aonline resource$2rdacarrier
=588  \\$aDescription based on: issue 34 (summer 2016); title from PDF cover (publisher's Web site, viewed August 9, 2016).
=776  08$iAlso issued in print as:$tPolished (Borehamwood, England)
=852  41$aBritish Library$bHMNTS
=856  4\$uhttps://louellabelle.co.uk/$zTo subscribe
=985  \\$aPromotional material for Louella Belle products/services, so Rarped.
=CAT  \\$a3072$b40$c20160809$lBLL01$h1519
=CAT  \\$a3072$b40$c20160809$lBLL01$h1603
=FMT  \\$a  SE
=LAS  \\$a3072$b40$c20160809$lBLL01$h1603

