=LDR  02069 ai a2200541 a 4500
=001  014494302
=003  Uk
=005  20101221112329.0
=006  m\\\\\\\\d\\\\\\\\
=007  cr\cnu||||||||
=008  061013c200u9999ne\mr\dssr\\\\0\\\\2eng\c
=010  \\$a2007238845
=035  \\$a(OCoLC)72807374
=040  \\$aIUL$cIUL$dIUL$dOCLCQ$dUk
=042  \\$aukblsr
=043  \\$ae------
=082  04$a338.74$222
=130  0\$aAMADEUS (Online)
=245  10$aAMADEUS$h[electronic resource] :$bAnalyse MAjor Database from EUropean Sources.
=246  3\$aAnalyse MAjor Database from EUropean Sources
=260  \\$aAmsterdam :$bBureau van Dijk Electronic Pub.
=310  \\$aUpdated monthly
=336  \\$atext$2rdacontent
=337  \\$acomputer$2rdamedia
=338  \\$aonline resource$2rdacarrier
=500  \\$aDescription based on: Update 144 (Oct. 2, 2006); title from home page (viewed July 9, 2007).
=506  \\$aAccess restricted to subscribed users.
=520  \\$a1.5 million company profiles from 32 European countries. Searches can be made across countries to include key financial and contact information and lists can be created. [10 years of data].
=538  \\$aMode of access: World Wide Web.
=650  \0$aCorporations$zEurope$vDirectories.
=650  \0$aBusiness enterprises$zEurope$vDirectories.
=690  7\$aManagement and Business Studies$2blcoll
=710  2\$aBureau van Dijk Electronic Publishing.
=776  08$iIssued also on CD-ROM:$tAmadeus
=852  41$aBritish Library$bSTI
=856  40$uhttp://amadeus.bvdep.com/ip$zFor subscribers only
=CAT  \\$a6524$b40$c20080116$lBLL01$h0818
=CAT  \\$a6524$b40$c20080116$lBLL01$h0819
=CAT  \\$a3072$b40$c20080218$lBLL01$h1522
=CAT  \\$a3072$b40$c20080218$lBLL01$h1532
=CAT  \\$a3072$b40$c20080218$lBLL01$h1541
=CAT  \\$aBATCH$b00$c20090625$lBLL01$h1713
=CAT  \\$a3072$b40$c20101221$lBLL01$h1123
=FIN  \\$aY$d20080218
=FMT  \\$a  SE
=LAS  \\$a3072$b40$c20101221$lBLL01$h1123
=SID  \\$aZ39$bOCLC
=TCO  \\$aNLD$bSTICHTING REPRORECHT$c008

