=LDR  01741cai a2200457 a 4500
=001  014571542
=003  Uk
=005  20080813102353.0
=006  m\\\\\\\\d\|\\\\\\
=007  cr||||||||||||
=008  080327c200u9999wlk\x\d\s\\\\\0\\\a2eng\\
=015  \\$aGBA879463$2bnb
=040  \\$aUk$beng$cUk$dUk
=042  \\$aukblsr
=082  04$a338.7402541$222
=245  00$aCreditsafe$h[electronic resource].
=260  \\$aCaerphilly :$bCreditsafe UK
=336  \\$atext$2rdacontent
=337  \\$acomputer$2rdamedia
=338  \\$aonline resource$2rdacarrier
=500  \\$aDescription based on: homepage/login screen (viewed on 19 June 2008).
=520  \\$aThe Creditsafe database has information on 4.4 million UK companies. Reports include: Credit rating and limit, 3 years accounts, CCJ information, Director Information.
=538  \\$aMode of access: World Wide Web.
=650  \0$aCredit ratings$zGreat Britain$vDatabases.
=650  \0$aCorporations$zGreat Britain$xFinance$vDirectories.
=690  7\$aManagement and Business Studies$2blcoll
=710  2\$aCreditsafe UK Ltd.
=852  41$aBritish Library$bSTI
=856  40$uhttp://www.creditsafeuk.com/$zFor subscribers only, requires user name and password; BL Reading Room access
=CAT  \\$a6524$b40$c20080327$lBLL01$h0927
=CAT  \\$a3072$b40$c20080619$lBLL01$h1614
=CAT  \\$a7332$b40$c20080630$lBLL01$h1233
=CAT  \\$a11249$b40$c20080813$lBLL01$h1023
=CAT  \\$aBATCH$b00$c20090625$lBLL01$h1715
=CAT  \\$aBATCH690$c20100715$lBLL01$h2106
=CAT  \\$aBATCH-MBS$c20100716$lBLL01$h2050
=CAT  \\$aWR14_140$c20140905$lBLL01$h1818
=FIN  \\$aY$d20080619
=FMT  \\$a  SE
=LAS  \\$aWR14_140$b00$c20140905$lBLL01$h1818
=TCO  \\$aCLA$bCLA$c008

