=LDR  01927 ai a2200469 a 4500
=001  014648385
=003  Uk
=005  20080618111151.0
=006  m\\\\\\\\d\|\\\\\\
=007  cr||||||||||||
=008  080618c20079999stk\x\d\s\\\\\0\\\a2eng\\
=015  \\$aGBA879255$2bnb
=040  \\$aUk$beng$cUk
=041  1\$aeng$alat$afre
=042  \\$aukblsr
=082  04$a328.411$222
=245  00$aRecords of the parliaments of Scotland to 1707$h[electronic resource].
=246  3\$aRPS
=260  \\$aSt Andrews :$bUniversity of St Andrews,$cc2007-
=336  \\$atext$2rdacontent
=337  \\$acomputer$2rdamedia
=338  \\$aonline resource$2rdacarrier
=500  \\$aTitle from home page (viewed on 18 June 2008).
=520  \\$aThis site provides free access to a searchable database containing the full text of all minutes and proceedings of Scottish Parliaments from 1235-1707. Other features of the site include a glossary of terms, history of parliaments in Scotland and the union between England and Scotland and a bibliography of further readings on Scottish political and parliamentary history.
=538  \\$aMode of access: World Wide Web.
=610  10$aScotland.$bParliament$vDatabases.
=610  10$aScotland.$bParliament$vSources.
=610  14$aScotland.$bParliament$xHistory$vDatabases.
=650  \0$aLaw$zScotland$vSources.
=651  \0$aScotland$xPolitics and government$vSources.
=651  \0$aScotland$xPolitics and government$y1371-1707$vSources.
=710  2\$aUniversity of St. Andrews.
=852  41$aBritish Library$bHMNTS
=856  40$uhttp://www.rps.ac.uk/$zBL Reading Room access
=CAT  \\$a3072$b40$c20080618$lBLL01$h1009
=CAT  \\$a3072$b40$c20080618$lBLL01$h1111
=CAT  \\$aBATCH-UPD$b40$c20121213$lBLL01$h2314
=CAT  \\$aWR14_140$c20140905$lBLL01$h1819
=FIN  \\$aY$d20080618
=FMT  \\$a  SE
=LAS  \\$aWR14_140$b00$c20140905$lBLL01$h1819
=TCO  \\$aCLA$bCLA$c008

