=LDR  02583 ai a2200553 a 4500
=001  014748621
=003  Uk
=005  20130808144206.0
=006  m\\\\\\\\d\\\\\\\\
=007  cr\cnu||||||||
=008  070611c20079999enkkx\wss\\\\\0\\\\2eng\d
=015  \\$aGBA8A7009$2bnb
=035  \\$a(OCoLC)143498924
=040  \\$aDVP$cDVP$dRCE$dUk
=042  \\$aukblsr
=082  04$a306.362$222
=245  00$aSlavery, abolition and social justice, 1490-2007$h[electronic resource].
=246  1\$iSubtitle on title screen:$aPortal for slavery studies
=260  \\$a[Marlborough, Wiltshire, England] :$bAdam Matthew Publications
=336  \\$atext$2rdacontent
=337  \\$acomputer$2rdamedia
=338  \\$aonline resource$2rdacarrier
=362  1\$aBegan in 2007.
=500  \\$aTitle from title screen (viewed June 11, 2007).
=506  \\$aAccess restricted to authorized users and institutions.
=520  \\$aDigital facsimiles of printed and manuscript materials relevant to trans-Atlantic slavery and abolition. Materials relating to slavery today, desegregation and social justice are included. The facsimile documents are presented alongside contextual essays contributed by leading academics in the field. Topics covered include the African Coast, the Middle Passage, the varieties of slave experience, religion, revolts, abolition, and legislation. The collection also includes case studies from America, the Caribbean, Brazil, and Cuba.
=538  \\$aMode of access: World Wide Web.
=650  \0$aSlavery$xHistory$vSources$vDatabases.
=650  \0$aSlave trade$xHistory$vSources$vDatabases.
=690  7\$aManagement and Business Studies$2blcoll
=690  7\$aSocial Welfare$2blcoll
=852  41$aBritish Library$bHMNTS
=856  40$uhttp://www.slavery.amdigital.co.uk/$zFor subscribers only; BL Reading Room access
=985  \\$aC. Lott has asked for this to be suppressed ahead of a work request to suppress dup database holdings in Explore.
=CAT  \\$a3072$b40$c20080909$lBLL01$h1158
=CAT  \\$a3072$b40$c20080909$lBLL01$h1201
=CAT  \\$a3072$b40$c20080909$lBLL01$h1321
=CAT  \\$a3072$b40$c20080909$lBLL01$h1349
=CAT  \\$a3072$b40$c20080909$lBLL01$h1359
=CAT  \\$aBATCH$b00$c20090625$lBLL01$h1718
=CAT  \\$aBATCH$b00$c20110625$lBLL01$h0540
=CAT  \\$aBATCH-SWP4$c20110627$lBLL01$h1624
=CAT  \\$a3072$b40$c20130808$lBLL01$h1442
=CAT  \\$aWR14_140$c20140905$lBLL01$h1820
=FIN  \\$aY$d20080909
=FMT  \\$a  SE
=LAS  \\$aWR14_140$b00$c20140905$lBLL01$h1820
=SID  \\$aZ39$bOCLC
=TCO  \\$aCLA$bCLA$c008

