=LDR  01728 ai a2200505 a 4500
=001  014835420
=003  Uk
=005  20090127134038.0
=006  m\\\\\\\\d\|\\\\\\
=007  cr||||||||||||
=008  081124c20079999enk\x\d\s\\\\\0\\\a2eng\\
=015  \\$aGBA900688$2bnb
=022  0\$a2040-0950$202
=040  \\$aUk$beng$cUk
=042  \\$aukblsr$aissnuk
=082  04$a011.221$222
=222  \0$aBookData online
=245  00$aBookData online$h[electronic resource].
=246  10$aNielsen BookData online
=246  3\$aBook Data online
=260  \\$a[Woking?] :$bBookData
=336  \\$atext$2rdacontent
=337  \\$acomputer$2rdamedia
=338  \\$aonline resource$2rdacarrier
=362  1\$aBegan in Sept? 2007.
=500  \\$aTitle from home page (viewed on Nov. 24, 2008).
=520  \\$aBibliographic database containing records of in print, forthcoming, and out of print titles, including UK, USA and South African titles.
=538  \\$aMode of access: World Wide Web.
=580  \\$aMerger of: LibWeb, and: BookFind-online.
=650  \0$aEnglish imprints.
=710  2\$aNielsen BookData.
=780  \\$tLibWeb
=780  14$tBookFind online
=852  41$aBritish Library$bDSC
=856  40$uhttp://www.nielsenbookdataonline.com/bdol/$zFor subscribers only; BL Reading Room access
=CAT  \\$a3072$b40$c20081124$lBLL01$h1611
=CAT  \\$a3072$b40$c20081223$lBLL01$h1326
=CAT  \\$a3072$b40$c20081223$lBLL01$h1346
=CAT  \\$a11315$b40$c20090127$lBLL01$h1340
=CAT  \\$aWR14_140$c20140905$lBLL01$h1821
=FIN  \\$aY$d20081223
=FMT  \\$a  SE
=LAS  \\$aWR14_140$b00$c20140905$lBLL01$h1821
=LKR  \\$aPAR$b007031611$lBLL01$r78014$mBookData online$nLibweb
=TCO  \\$aCLA$bCLA$c008

