=LDR  02488 ai a2200565 a 4500
=001  014848729
=003  Uk
=005  20130808144201.0
=006  m\\\\\\\\d\\\\\\\\
=007  cr\cnu||||||||
=008  071121c20079999xxuuu\dss\\\\\0\\\\2eng\d
=015  \\$aGBA8D7870$2bnb
=035  \\$a(OCoLC)181758240
=040  \\$aDVP$cDVP$dDVP$dZCU$dUk
=042  \\$aukblsr
=043  \\$ae-uk---
=050  \4$aDA10
=082  04$a072$222
=245  00$a19th century British Library newspapers$h[electronic resource].
=246  3\$aNineteenth century British Library newspapers
=246  30$aBritish Library newspapers
=260  \\$a[S.l.] :$bGale Group
=260  3\$3<2008>$a[S.l.] :$bGale, Cengage Learning
=336  \\$atext$2rdacontent
=337  \\$acomputer$2rdamedia
=338  \\$aonline resource$2rdacarrier
=362  1\$aLaunched in 2007.
=500  \\$aTitle from masthead on database home page (viewed Nov. 21, 2007).
=500  \\$aLast viewed Dec. 4, 2008.
=506  \\$aAccess restricted to authorized users and institutions.
=520  \\$aPart of the British Library Newspapers collection, 19th Century British Library Newspapers provides researchers with the most comprehensive collection of national and regional newspapers of Victorian Britain available. This full-text, fully searchable digital archive includes 46 papers originating in England, Wales, Scotland and Ireland, carefully selected by an editorial board from the British Library and providing a broad yet detailed view of British life in the 19th century.
=538  \\$aMode of access: World Wide Web.
=650  \0$aBritish newspapers$y19th century$vDatabases.
=651  \0$aGreat Britain$xHistory$y19th century$vSources$vDatabases.
=655  \0$aElectronic reference sources.
=710  2\$aBritish Library.
=852  41$aBritish Library$bHMNTS
=856  40$uhttp://find.galegroup.com/bncn/$zFor subscribers only; BL Reading Room access
=985  \\$aC. Lott has asked for this to be suppressed ahead of a work request to suppress dup database holdings in Explore.
=CAT  \\$a3072$b40$c20081204$lBLL01$h1552
=CAT  \\$a3072$b40$c20081204$lBLL01$h1604
=CAT  \\$a3072$b40$c20081204$lBLL01$h1608
=CAT  \\$a3072$b40$c20081204$lBLL01$h1614
=CAT  \\$a3072$b40$c20130808$lBLL01$h1442
=CAT  \\$aWR14_140$c20140905$lBLL01$h1821
=FIN  \\$aY$d20081204
=FMT  \\$a  SE
=LAS  \\$aWR14_140$b00$c20140905$lBLL01$h1821
=SID  \\$aZ39$bOCLC
=TCO  \\$aTRS$bCCC$c008

