=LDR  02247 ai a2200553 a 4500
=001  014848748
=003  Uk
=005  20130808144212.0
=006  m\\\\\\\\d\\\\\\\\
=007  cr\cnu||||||||
=008  071130c20079999xxuuu\dss\\\\\0\\\\2eng\d
=015  \\$aGBA8D7879$2bnb
=035  \\$a(OCoLC)182626961
=040  \\$aUk$beng$cUk
=042  \\$aukblsr
=043  \\$ae-uk---
=050  \4$aDA10
=082  04$a072$222
=245  00$a17th-18th century Burney Collection newspapers$h[electronic resource].
=246  3\$aSeventeenth-eighteenth century Burney Collection newspapers
=260  \\$a[S.l.] :$bGale
=260  3\$3<2008>$a[S.l.] :$bGale, Cengage Learning
=336  \\$atext$2rdacontent
=337  \\$acomputer$2rdamedia
=338  \\$aonline resource$2rdacarrier
=362  1\$aBegan in 2007?
=500  \\$aTitle from masthead on database home page (viewed Nov. 30, 2007).
=500  \\$aLast viewed Dec. 4, 2008.
=506  \\$aAccess restricted to authorized users and institutions.
=520  \\$aEntire Burney Collection of newspapers in a full-text, fully searchable digital archive. 1271 individual titles: London and provincial newsbooks, newspapers, periodicals, pamphlets and single-sheet ephemera, 1600 to 1800.
=538  \\$aMode of access: World Wide Web.
=650  \0$aBritish newspapers$y17th century$vDatabases.
=650  \0$aBritish newspapers$y18th century$vDatabases.
=651  \0$aGreat Britain$xHistory$yStuarts, 1603-1714$vSources$vDatabases.
=651  \0$aGreat Britain$xHistory$y18th century$vSources$vDatabases.
=655  \0$aElectronic reference sources.
=700  1\$aBurney, Charles,$d1757-1817.
=710  2\$aBritish Library.
=852  41$aBritish Library$bHMNTS
=856  40$uhttp://find.galegroup.com/bncn/start.do?prodId=BBCN$zFor subscribers only; BL Reading Room access
=985  \\$aC. Lott has asked for this to be suppressed ahead of a work request to suppress dup database holdings in Explore.
=CAT  \\$a3072$b40$c20081204$lBLL01$h1623
=CAT  \\$a3072$b40$c20130808$lBLL01$h1442
=CAT  \\$aWR14_140$c20140905$lBLL01$h1821
=FIN  \\$aY$d20081204
=FMT  \\$a  SE
=LAS  \\$aWR14_140$b00$c20140905$lBLL01$h1821
=SID  \\$aZ39$bOCLC
=TCO  \\$aTRS$bCCC$c008

