=LDR  02303 ai a2200577 a 4500
=001  012446067
=003  Uk
=005  20120316125357.0
=006  m\\\\\\\\d\|\\\\\\
=007  cr\|||||||||||
=008  040416c198u9999enkuu\d\saai\\0\\\a2eng\\
=015  \\$aGBA534591$2bnb
=040  \\$aUk$beng$cUk$dUk
=042  \\$aukblsr
=082  04$a660.6$222
=245  00$aBiotechnology abstracts$h[electronic resource].
=246  1\$iAbout screen title:$aDerwent biotechnology abstracts
=260  \\$a[New York, N.Y. ;$aLondon (Merlin House, 20 Belmont Terrace, Chiswick, W4 5UG) :$bOvid Technologies].
=336  \\$atext$2rdacontent
=337  \\$acomputer$2rdamedia
=338  \\$aonline resource$2rdacarrier
=500  \\$aTitle from database selection screen (viewed on 20 Apr. 2005).
=520  \\$aContains information derived from primary journals, conference proceedings and patents covering all aspects of biotechnology.
=538  \\$aMode of access: World Wide Web.
=650  \0$aBiotechnology$vAbstracts.
=650  \0$aBiotechnology$vIndexes.
=710  2\$aOvid Technologies, Inc.
=787  0\$tDerwent biotechnology abstracts (Print)$x0262-5318
=787  0\$tDerwent biotechnology abstracts$c(CD-ROM)$x1358-6009
=852  41$aBritish Library$bSTI
=856  40$uhttp://web5.silverplatter.com/webspirs/start.ws
=A02  \\$a3005848$z0
=CAT  \\$aCONV$b00$c20040425$lBLL90$h0713
=CAT  \\$aCONV$b00$c20040502$lBLL01$h1509
=CAT  \\$a3072$b40$c20050420$lBLL01$h1622
=CAT  \\$a3072$b40$c20050421$lBLL01$h0937
=CAT  \\$a3072$b40$c20050519$lBLL01$h1603
=CAT  \\$a3072$b40$c20050519$lBLL01$h1605
=CAT  \\$a3072$b40$c20050714$lBLL01$h1444
=CAT  \\$aBATCH$b00$c20091210$lBLL01$h2335
=CAT  \\$aBATCH$b00$c20091214$lBLL01$h0847
=CAT  \\$aBATCH$b00$c20091216$lBLL01$h0220
=CAT  \\$a3072$b40$c20120316$lBLL01$h1253
=CAT  \\$aWR14_140$c20140905$lBLL01$h1800
=FIN  \\$aY$d20050714
=FMT  \\$a  SE
=LAS  \\$aWR14_140$b00$c20140905$lBLL01$h1800
=LKR  \\$aPAR$b007200825$lBLL01$r787$mBiotechnology abstracts$nDerwent biotechnology abstracts (CD-ROM)
=LKR  \\$aPAR$b011634770$lBLL01$r787$mBiotechnology abstracts$nDerwent biotechnology abstracts (Print)
=SRC  \\$aDSS03$bbibsr.200404.2.aa
=TCO  \\$aCLA$bCLA$c008

