=LDR  01943 am a22004817a 4500
=001  012934374
=003  Uk
=005  20050816104808.0
=006  m\\\\|\\\d\|\\\\\\
=007  cr||||||||||||
=008  040617s2003\\\\xxc\\\\\rb\\\\000\0\eng\\
=020  \\$a2922378438
=040  \\$aUk$beng$cUk
=100  1\$aFurtan, W. Hartley.
=245  10$aStrategic licensing decisions and the gains from trade :$bthe case of genetically modified wheat /$cW.H. Furtan, R.S. Gray, J.J. Holzman.
=260  \\$a[Quebec] :$bCentre for Research in the Economics of Agrifood, Université Laval,$c2003.
=336  \\$atext$2rdacontent
=337  \\$acomputer$2rdamedia
=338  \\$aonline resource$2rdacarrier
=490  1\$aResearch series ;$vSR.03.01
=500  \\$aTitle from PDF title page (viewed on 15 Aug., 2005)
=504  \\$aIncludes bibliographical references.
=516  \\$aText (PDF)
=533  \\$aPrintout.$b[London :$cBritish Library,$d2005]$e21 p. ; 30 cm.$nPrinted from web site (8 July, 2005)
=538  \\$aMode of access: World Wide Web.
=538  \\$aSystem requirements: Adobe Acrobat Reader.
=650  \0$aLicense agreements$xMathematical models.
=650  \0$aNoncooperative games (Mathematics)
=650  \0$aGenetically modified foods.
=650  \0$aWheat trade.
=700  1\$aGray, Richard,$d1957-
=700  1\$aHolzman, J. J.$q(Jeff J.)
=710  2\$aUniversité Laval.$bCentre de recherche en économie agroalimentaire
=830  \0$aResearch series (Université Laval. Centre de recherche en économie agroalimentaire.) ;$vSR.03.01.
=852  41$aBritish Library$bHMNTS
=856  40$uhttp://www.crea.ulaval.ca/publications/SR-03-01.pdf
=CAT  \\$a10958$b40$c20040617$lBLL01$h1131
=CAT  \\$a8141$b40$c20050815$lBLL01$h1200
=CAT  \\$a5194$b40$c20050815$lBLL01$h1709
=CAT  \\$a5194$b40$c20050816$lBLL01$h1048
=FIN  \\$aY$d20050815
=FMT  \\$a  BK
=LAS  \\$a5194$b40$c20050816$lBLL01$h1048

