=LDR  02390cas a22006257a 4500
=001  012982439
=003  Uk
=005  20221231205941.0
=006  m\\\\\\\\d\|\\\\\\
=007  cr||||||||||||
=008  040901c20059999enkqr\p\s\\\\\0\\\a0eng\\
=022  0\$a1745-1302$202
=040  \\$aUk$beng$cUk
=042  \\$aissnuk
=222  \0$aForeign policy bulletin$b(Online)
=245  00$aForeign policy bulletin.
=260  \\$aCambridge :$bCambridge University Press
=310  \\$aQuarterly
=336  \\$atext$2rdacontent
=337  \\$acomputer$2rdamedia
=338  \\$aonline resource$2rdacarrier
=540  \\$aCurrent Copyright Fee: GBP25.00$c0$5Uk
=776  0\$tForeign policy bulletin$c(Washington, D.C.)$x1052-7036
=852  41$aBritish Library$bHMNTS
=856  4\$uhttp://journals.cambridge.org/action/displayJournal?jid=FPB
=945  \\$aForeign policy bulletin -Washington-.
=979  \\$aBritish Library$bDSC$j3987.107200
=ACF  \\$aPrevious copyright fee: GBP20.00$c43\0$e18-feb-2011$fGBP20.00$g0$hP$5Uk
=ACF  \\$aPrevious Copyright Fee: GBP17.50$c0$e01-apr-2019$fGBP17.50$g0$hA$5Uk
=ACF  \\$aPrevious Copyright Fee: GBP20.00$c0$e01-jan-2020$fGBP20.00$g0$hA$5Uk
=CAT  \\$a8870$b40$c20040901$lBLL01$h1135
=CAT  \\$a8124$b40$c20061202$lBLL01$h0903
=CAT  \\$a5552$b40$c20110218$lBLL01$h1111
=CAT  \\$aBATCH-UPD$b40$c20121105$lBLL01$h1136
=CAT  \\$aBLDSS-3PM$b00$c20141208$lBLL01$h1625
=CAT  \\$aBATCH-UPD$b00$c20160413$lBLL01$h1818
=CAT  \\$a5552$b40$c20170522$lBLL01$h1116
=CAT  \\$aW1902-1304$c20190314$lBLL01$h1239
=CAT  \\$aBATCH-UPD$b00$c20190314$lBLL01$h1618
=CAT  \\$aIPL-CLA$c20190331$lBLL01$h1725
=CAT  \\$aDEL-3PM$c20190409$lBLL01$h0905
=CAT  \\$aBATCH-CLA$b00$c20191219$lBLL01$h1731
=CAT  \\$aIPL-CLA$c20191231$lBLL01$h1929
=CAT  \\$aR2001-1524$c20200127$lBLL01$h2006
=CAT  \\$aBATCH-CLA$b00$c20201204$lBLL01$h1532
=CAT  \\$aIPL-CLA$c20201231$lBLL01$h2153
=CAT  \\$aBATCH-CLA$b00$c20221221$lBLL01$h1840
=CAT  \\$aIPL-CLA$c20221231$lBLL01$h2059
=CFI  0\$aCurrent Copyright Fee: GBP25.00$c0$e01-jan-2023$fGBP25.00$g0$hA$5Uk
=CFI  2\$aPrevious Copyright Fee: GBP22.50$c0$e01-jan-2021$fGBP22.50$g0$hA$5Uk
=FIN  \\$aY$d20061202
=FMT  \\$a  SE
=LAS  \\$aIPL-CLA$b00$c20221231$lBLL01$h2059
=TCO  \\$aCLA$bCLA$c008
=TOC  \\$aETOC

