=LDR  01440 as a22004097a 4500
=001  013044430
=003  Uk
=005  20050421114312.0
=006  m\\\\\\\\d\|\\\\\\
=007  cr||||||||||||
=008  041123c20049999enktr\p\s\\\\\0\\\a0eng\\
=022  0\$a1745-8692$202
=040  \\$aUk$beng$cUk
=042  \\$aissnuk
=222  \0$aJournal of the Centre for World War I Studies
=245  00$aJournal of the Centre for World War I Studies.
=246  3\$aJournal of the Centre for World War One Studies
=246  3\$aJournal of the Centre for World War 1 Studies
=246  13$aJournal of the Centre for First World War Studies
=246  1\$iMinor title change:$aJournal of the Centre for First World War Studies$f2005-
=260  \\$aBirmingham :$bCentre for First World War Studies.
=310  \\$aThree issues yearly
=336  \\$atext$2rdacontent
=337  \\$acomputer$2rdamedia
=338  \\$aonline resource$2rdacarrier
=710  2\$aUniversity of Birmingham.$bCentre for World War I Studies.
=852  41$aBritish Library$bHMNTS
=856  4\$uhttp://www.js-ww1.bham.ac.uk/index.asp
=CAT  \\$a11316$b40$c20041123$lBLL01$h1041
=CAT  \\$a11316$b40$c20041123$lBLL01$h1042
=CAT  \\$a5100$b40$c20041130$lBLL01$h1426
=CAT  \\$a11316$b40$c20041231$lBLL01$h1505
=CAT  \\$a11316$b40$c20050421$lBLL01$h1143
=FIN  \\$aY
=FMT  \\$a  SE
=LAS  \\$a11316$b40$c20050421$lBLL01$h1143
=TCO  \\$aCLA$bCLA$c008

