=LDR  01056 as a22003617a 4500
=001  013469410
=003  Uk
=005  20160712101435.0
=006  m\\\\\\\\d\|\\\\\\
=007  cr||||||||||||
=008  060516d20062009enkar\p\s\\\\\0\\\a0eng\\
=022  0\$a1751-4274$202
=040  \\$aUk$beng$cUk$dUk
=042  \\$aissnuk
=082  04$a823.0108092$223
=222  \0$aFission works
=245  00$aFission works.
=260  \\$aHoughton Regis :$bA. Stroud
=310  \\$aAnnual
=336  \\$atext$2rdacontent
=337  \\$acomputer$2rdamedia
=338  \\$aonline resource$2rdacarrier
=776  08$iAlso issued in print as:$tFission works$x2398-7839
=852  41$aBritish Library$bHMNTS$3No. 3 [2009]
=856  4\$uhttp://www.eoslrp.com/Durith/Write.html
=CAT  \\$a11313$b40$c20060516$lBLL01$h1418
=CAT  \\$a8464$b40$c20100429$lBLL01$h1339
=CAT  \\$a7778$b40$c20121023$lBLL01$h0921
=CAT  \\$a8124$b40$c20160712$lBLL01$h1014
=FIN  \\$aY$d20060516
=FMT  \\$a  SE
=LAS  \\$a8124$b40$c20160712$lBLL01$h1014
=TCO  \\$aCLA$bCLA$c008

