=LDR  01744 ai a2200469 a 4500
=001  013529486
=003  Uk
=005  20141210161451.0
=006  m\\\\\\\\d\|\\\\\\
=007  cr||||||||||||
=008  060811d1976201uxxuuu\d\si\\\\0\\\a2eng\\
=040  \\$aUk$beng$cUk$dUk
=042  \\$aukblsr
=082  04$a016.3707$222
=130  0\$aInternational Eric (Online)
=245  10$aInternational Eric$h[electronic resource].
=260  \\$aCary, NC :$bDialog
=336  \\$atext$2rdacontent
=337  \\$acomputer$2rdamedia
=338  \\$aonline resource$2rdacarrier
=500  \\$aTitle from "Ondisc collection" page (viewed 11th Aug. 2006).
=520  0\$aComprises: Australian education index, and: British education index, from 1976.
=530  \\$aAlso issued on CD-ROM; also issued in printed form as: Australian education index, and: British education index.
=538  \\$aMode of access: World Wide Web.
=650  \0$aEducation$xResearch$vIndexes$vDatabases.
=650  \0$aEducation$vIndexes$vDatabases.
=730  0\$aAustralian education index,$x0004-9026.
=730  0\$aBritish education index,$x0007-0637.
=776  1\$tInternational ERIC (CD-ROM)
=785  06$tBritish education index
=785  06$tAustralian education index
=852  41$aBritish Library$bHMNTS
=856  40$uhttp://www.dialogatsite.com/atsiteext.dll
=CAT  \\$a3072$b40$c20060811$lBLL01$h1122
=CAT  \\$a3072$b40$c20060811$lBLL01$h1138
=CAT  \\$a3072$b40$c20060811$lBLL01$h1209
=CAT  \\$a3072$b40$c20141210$lBLL01$h1614
=FIN  \\$aY$d20060811
=FMT  \\$a  SE
=LAS  \\$a3072$b40$c20141210$lBLL01$h1614
=LKR  \\$aPAR$b006680968$lBLL01$r776$mInternational Eric (Online)$nInternational Eric (CD-ROM)
=TCO  \\$aTRS$bCCC$c008

