=LDR  01398 as a22003737a 4500
=001  013637500
=003  Uk
=005  20140425121013.0
=006  m\\\\\\\\d\|\\\\\\
=007  cr||||||||||||
=008  070108d2007200uenkwr\p\s\\\\\0\\\a0eng\\
=022  0\$a1753-5166$202
=040  \\$aUk$beng$cUk$dUk
=042  \\$aissnuk
=222  \0$aInk sweat & tears
=245  00$aInk sweat & tears$h[electronic resource].
=260  \\$a[Harleston] :$bC. Christian
=310  \\$aWeekly
=336  \\$atext$2rdacontent
=337  \\$acomputer$2rdamedia
=338  \\$aonline resource$2rdacarrier
=787  08$iSelected poems reproduced in print anthology:$tInk sweat & years$g2008
=787  08$iSelected poems reproduced in print anthology:$tInk sweat and tears$g2009-
=852  41$aBritish Library$bHMNTS$32009
=856  40$uhttp://www.ink-sweat-and-tears.com
=985  \\$aMinimal record used to process LDO Continuation parts - will require full cataloguing when first issue is retrieved from the serials cataloguing backlog. Once catalogued please route to LDO 1st project so item can be accessioned.
=CAT  \\$a6537$b40$c20070108$lBLL01$h1131
=CAT  \\$a11296$b40$c20101026$lBLL01$h1415
=CAT  \\$a7778$b40$c20130102$lBLL01$h1436
=CAT  \\$a8323$b40$c20140425$lBLL01$h1210
=FIN  \\$aY$d20070108
=FMT  \\$a  SE
=LAS  \\$a8323$b40$c20140425$lBLL01$h1210
=TCO  \\$aCLA$bCLA$c008

