=LDR  02586 ai a2200685 a 4500
=001  009918585
=003  Uk
=005  20120706101737.0
=006  m\\\\\\\\d\|\\\\\\
=007  cr||||||||||||
=008  031106c199u9999enkuu\d\s\ab\\0\\\b2mul\\
=015  \\$aGBA340999$2bnb
=019  y\$abA340999
=019  9\$abA340999
=019  1\$abA340999
=019  0\$as686562003
=039  0\$a2767
=040  \\$aUk$cUk$dUk
=082  04$a015.4$221
=130  0\$aSIGLE (Online)
=245  10$aSIGLE$h[electronic resource].
=246  3\$aSystem for information on grey literature in Europe
=260  \\$a[New York ;$aLondon] (Merlin House, 20 Belmont Terrace, Chiswick, W4 5UG]) :$bOvid Technologies
=336  \\$atext$2rdacontent
=337  \\$acomputer$2rdamedia
=338  \\$aonline resource$2rdacarrier
=500  \\$aProduced by: EAGLE (European Association for Grey Literature Exploitation).
=500  \\$aTitle from database selection screen (viewed 4 June 2003). - Variant title: System for information on grey literature in Europe.
=500  \\$aDescription based on: 1980-2002/12 release.
=520  \\$aContains citations to reports and non-conventional (grey) literature issued informally throughout EC member countries and held at the British Library Document Supply Centre.
=530  \\$aAlso available in CD-ROM format.
=538  \\$aMode of access: World Wide Web.
=650  \0$aGrey literature$zEurope$vIndexes.
=650  \0$aScience$zEurope$vBibliography.
=650  \0$aTechnology$zEurope$vBibliography.
=650  \0$aSocial sciences$zEurope$vBibliography.
=650  \0$aHumanities$zEurope$vBibliography.
=710  2\$aOvid Technologies, Inc.
=710  2\$aEuropean Association for Grey Literature Exploitation.
=852  41$aBritish Library$bSTI
=856  40$uhttp://web5.silverplatter.com.webspirs/start
=985  \\$aRecord merged by DQ team
=CAT  \\$aCONV$b00$c20040425$lBLL90$h0723
=CAT  \\$aCONV$b00$c20040502$lBLL01$h1343
=CAT  \\$a6550$b40$c20051229$lBLL01$h1125
=CAT  \\$a6550$b40$c20111010$lBLL01$h1431
=CAT  \\$a3072$b40$c20120316$lBLL01$h1219
=CAT  \\$a3072$b40$c20120706$lBLL01$h1017
=CAT  \\$aWR14_140$c20140905$lBLL01$h1740
=FIN  \\$aY
=FMT  \\$a  SE
=LAS  \\$aWR14_140$b00$c20140905$lBLL01$h1740
=LEO  \\$aMP5.0000022538
=LEO  \\$aMP13.0000237598
=LEO  \\$aMP25.0000364245
=SRC  \\$aDSS03$bbibsr.200404.2.aa
=SRC  \\$aBNB03$bbibmp5.200404.2.aa
=SRC  \\$aSRI01$bbibmp25.200404.2.aa
=SRC  \\$aHSS01$bbibmp13.200404.2.aa
=TCO  \\$aCLA$bCLA$c008

