=LDR  02845cai a2200637 a 4500
=001  007195923
=003  Uk
=005  20120316114328.0
=006  m\\\\\\\\d\|\\\\\\
=007  cr||||||||||||
=008  040416c199u9999xxuuu\d\s\\\\\0\\\a2mul\\
=015  \\$aGBA538920$2bnb
=040  \\$aUk$beng$cUk$dUk
=042  \\$aukblsr
=082  04$a540$222
=130  0\$aEINECS plus (Online)
=245  10$aEINECS plus$h[electronic resource].
=260  \\$a[New York, N.Y. ;$aLondon (Merlin House, 20 Belmont Terrace, Chiswick, W4 5UG) :$bOvid Technologies]
=336  \\$atext$2rdacontent
=337  \\$acomputer$2rdamedia
=338  \\$aonline resource$2rdacarrier
=500  \\$aTitle from database selection screen (viewed on 4 May. 2005).
=505  0\$aContents: EU chemical inventories - EINECS, ELINCS/NLPL.- List of dangerous substances.- EU priority & prior consent lists.- EU indicative occupational exposure limits.- Summary of EU legislation on dangerous substances and preparations (English).- ECICS (European customs inventory of chemical substances).- EU cosmetics inventory.- EU cosmetics legislation (English).- EU waste catalogue.
=520  \\$aAn extensive collection of data on chemical substances from EC sources. Covering over 100,000 substances, information is available in up to 10 languages.
=538  \\$aMode of access: World Wide Web.
=550  \\$aProduced for the European Commission by the Office of Official Publications of the European Community and Croner Publications.
=580  \\$aPreviously published in print and CD-ROM versions.
=650  \0$aChemicals.
=650  \0$aHazardous substances.
=650  \0$aHazardous substances$xLaw and legislation$zEuropean Union countries.
=710  2\$aEuropean Commission.
=710  2\$aOffice for Official Publications of the European Communities.
=710  2\$aCroner Publications.
=787  1\$tEINECS plus
=787  1\$tEINECS
=852  41$aBritish Library$bSTI
=856  40$uhttp://web5.silverplatter.com/webspirs/start.ws
=A02  \\$a3005982$z0
=CAT  \\$aCONV$b00$c20040425$lBLL90$h0713
=CAT  \\$aCONV$b00$c20040502$lBLL01$h1212
=CAT  \\$a3072$b40$c20050504$lBLL01$h1147
=CAT  \\$a3072$b40$c20050504$lBLL01$h1515
=CAT  \\$a3072$b40$c20050519$lBLL01$h1450
=CAT  \\$a3072$b40$c20050714$lBLL01$h1515
=CAT  \\$aBATCH$b00$c20091207$lBLL01$h0417
=CAT  \\$aBATCH$b00$c20091214$lBLL01$h0222
=CAT  \\$aBATCH$b00$c20091216$lBLL01$h0041
=CAT  \\$a3072$b40$c20120316$lBLL01$h1142
=CAT  \\$a3072$b40$c20120316$lBLL01$h1143
=CAT  \\$aWR14_140$c20140905$lBLL01$h1714
=FIN  \\$aY$d20050714
=FMT  \\$a  SE
=LAS  \\$aWR14_140$b00$c20140905$lBLL01$h1714
=LKR  \\$aPAR$b007197862$lBLL01$r787$mEINECS plus$nEINECS plus
=SRC  \\$aDSS03$bbibsr.200404.2.aa
=TCO  \\$aTRS$bCCC$c008

