=LDR  01881 ai a2200541 a 4500
=001  007197184
=003  Uk
=005  20121219122421.0
=006  m\\\\\\\\d\|\\\\\\
=007  cr||||||||||||
=008  040416d200u2012cc\uu\d\s\\\\\0\\\a2eng\\
=040  \\$aUk$beng$cUk$dUk
=041  0\$aeng$achi
=042  \\$aukblsr
=082  04$a348.51$222
=245  00$aiSinoLaw$h[electronic resource].
=246  31$aZhonghua falü wang
=260  \\$aHong Kong :$bISinoLaw Research Centre
=336  \\$atext$2rdacontent
=337  \\$acomputer$2rdamedia
=338  \\$aonline resource$2rdacarrier
=500  \\$aTitle from home page (viewed on 22nd June 2005).
=520  \\$aFull text of the national and local legislation and case law of the People's Republic of China in English. Includes an introduction to the Chinese legal system, a glossary and a directory of lawyers.
=538  \\$aMode of access: World Wide Web.
=546  \\$aInterface in Chinese and English.
=650  \0$aLaw$zChina.
=650  \0$aLaw reports, digests, etc.$zChina.
=710  2\$aIsinolaw (Firm)
=785  04$tWestlaw China
=852  41$aBritish Library$bSTI
=852  41$aBritish Library$bHMNTS
=856  40$uhttp://www.isinolaw.com/index.jsp
=A02  \\$a3017311$z0
=CAT  \\$aCONV$b00$c20040425$lBLL90$h0713
=CAT  \\$aCONV$b00$c20040502$lBLL01$h1212
=CAT  \\$a3072$b40$c20050622$lBLL01$h1157
=CAT  \\$a3072$b40$c20050622$lBLL01$h1540
=CAT  \\$aBATCH$b00$c20091207$lBLL01$h0417
=CAT  \\$aBATCH$b00$c20091214$lBLL01$h0223
=CAT  \\$aBATCH$b00$c20091216$lBLL01$h0042
=CAT  \\$aWR11_155$c20120104$lBLL01$h1850
=CAT  \\$a3072$b40$c20121219$lBLL01$h1221
=CAT  \\$a3072$b40$c20121219$lBLL01$h1224
=FIN  \\$aY$d20050622
=FMT  \\$a  SE
=LAS  \\$a3072$b40$c20121219$lBLL01$h1224
=SRC  \\$aDSS03$bbibsr.200404.2.aa
=TCO  \\$aZZZ$c008

