=LDR  02459 ai a2200637 a 4500
=001  007032823
=003  Uk
=005  20120316121211.0
=006  m\\\\\\\\d\|\\\\\\
=007  cr||||||||||||
=008  031112c199u9999enkwr\d\s\a\\\0\\\a2eng\\
=015  \\$aGBA343085$2bnb
=019  y\$abA343085
=019  9\$abA343085
=019  0\$as694736007
=039  0\$a2768
=040  \\$aUk$cUk$dUk
=082  04$a621.05$221
=245  00$aINSPEC$h[electronic resource].
=260  \\$a[New York ;$aLondon (Merlin House, 20 Belmont Terrace, Chiswick, W4 5UG]) :$bOvid Technologies.
=310  \\$aUpdated weekly
=336  \\$atext$2rdacontent
=337  \\$acomputer$2rdamedia
=338  \\$aonline resource$2rdacarrier
=500  \\$aProduced by: Institution of Electrical Engineers.
=500  \\$aTitle from database selection screen (viewed 12 June 2003).
=520  \\$aProvides bibliographic references with abstracts to worldwide published literature on physics, electronics, electrical engineering, computer science and information technology.
=530  \\$aAlso available in CD-ROM format.
=538  \\$aMode of access: World Wide Web.
=597  \\$aEnhanced$bSRIS DDC
=650  \0$aElectrical engineering$vAbstracts$vPeriodicals.
=650  \0$aPhysics$vAbstracts$vPeriodicals.
=650  \0$aComputer science$vAbstracts$vPeriodicals.
=650  \0$aInformation technology$vAbstracts$vPeriodicals.
=710  2\$aInstitution of Electrical Engineers.
=852  41$aBritish Library$bSTI$30000- ; Current update only
=856  40$uhttp://web5.silverplatter.com/webspirs/start
=886  2\$2ukmarc$a910$b20$aIEE$xSee$aInstitution of Electrical Engineers$z710
=886  2\$2ukmarc$a910$b20$aSociety of Telegraph Engineers$xSee also$aInstitution of Electrical Engineers$z710
=957  \\$a030612p
=CAT  \\$aCONV$b00$c20040425$lBLL90$h0531
=CAT  \\$aCONV$b00$c20040502$lBLL01$h1207
=CAT  \\$aBATCH-UPD$b00$c20080114$lBLL01$h1219
=CAT  \\$aBATCH-UPD$b00$c20080114$lBLL01$h1314
=CAT  \\$aBATCH$b00$c20091118$lBLL01$h2217
=CAT  \\$a11249$b40$c20091216$lBLL01$h1623
=CAT  \\$a3072$b40$c20120316$lBLL01$h1212
=CAT  \\$aWR14_140$c20140905$lBLL01$h1710
=FIN  \\$aY
=FMT  \\$a  SE
=LAS  \\$aWR14_140$b00$c20140905$lBLL01$h1710
=LEO  \\$aMP5.0000022747
=LEO  \\$aMP25.0000371346
=SRC  \\$aBNB03$bbibmp5.200404.2.aa
=SRC  \\$aSRI01$bbibmp25.200404.2.aa
=TCO  \\$aCLA$bCLA$c008

