=LDR  01939 ai a2200541 a 4500
=001  005599207
=003  Uk
=005  20120316124402.0
=006  m\\\\\\\\d\|\\\\\\
=007  cr||||||||||||
=008  031105c199u9999enk||\d\s\i\\\0\\\a2eng\\
=015  \\$aGBA344909$2bnb
=019  y\$abA344909
=019  9\$abA344909
=039  0\$a2767
=040  \\$aUk$cUk$dUk
=082  04$a016.36311$221
=245  00$aOSH$h[electronic resource].
=246  1\$iAlso known as:$aOSHLINE
=260  \\$a[New York, N.Y. ;$aLondon (Merlin House, 20 Belmont Terrace, Chiswick, W4 5UG) :$bOvid Technologies]
=336  \\$atext$2rdacontent
=337  \\$acomputer$2rdamedia
=338  \\$aonline resource$2rdacarrier
=500  \\$aTitle from database selection screen (viewed on 18 June 2003).
=505  0\$aIncludes various OHS-ROM files: RILOSH, MHIDAS, HSELINE, CISDOC, MEDLINE OEM, and NIOSH TIC2.
=520  \\$aDatabases cover international occupational safety and health information. Sources include journal articles, books, and technical reports.
=530  \\$aAlso available on CD-ROM as: OSH-ROM.
=538  \\$aMode of access: World Wide Web.
=650  \0$aIndustrial hygiene$vIndexes.
=650  \0$aIndustrial safety$vIndexes.
=710  2\$aOvid Technologies, Inc.
=740  0\$aOSH-ROM.
=852  41$aBritish Library$bSTI
=856  40$uhttp://web5silverplatter.com/webspirs/start.ws
=985  \\$aRecord merged by DQ team
=CAT  \\$aCONV$b00$c20040502$lBLL01$h1111
=CAT  \\$a11279$b40$c20050627$lBLL01$h1346
=CAT  \\$a3072$b40$c20050630$lBLL01$h1113
=CAT  \\$a6550$b40$c20051107$lBLL01$h1445
=CAT  \\$a3072$b40$c20120316$lBLL01$h1244
=CAT  \\$aWR14_140$c20140905$lBLL01$h1707
=FIN  \\$aY
=FMT  \\$a  SE
=LAS  \\$aWR14_140$b00$c20140905$lBLL01$h1707
=LEO  \\$aMP5.0000022966
=SRC  \\$aBNB03$bbibmp5.200404.2.aa
=SRC  \\$aDSS03$bbibsr.200404.2.aa
=TCO  \\$aCLA$bCLA$c008

