=LDR  02214 ai a2200577 a 4500
=001  007194678
=003  Uk
=005  20120316102030.0
=006  m\\\\\\\\d\|\\\\\\
=007  cr\cn|||||||||
=008  040416c199u9999enkuu\d\saai\\0\\\a2eng\\
=015  \\$aGBA532285$2bnb
=040  \\$aUk$beng$cUk$dUk
=042  \\$aukblsr
=082  04$a615$222
=130  0\$aDrug information fulltext (Online)
=245  10$aDrug information fulltext$h[electronic resource].
=260  \\$a[New York, N.Y. ;$aLondon (Merlin House, 20 Belmont Terrace, Chiswick, W4 5UG) :$bOvid Technologies].
=336  \\$atext$2rdacontent
=337  \\$acomputer$2rdamedia
=338  \\$aonline resource$2rdacarrier
=500  \\$aTitle from database selection screen (Ovid Technologies, viewed on 14 Apr. 2005).
=520  \\$aInformation from the American Hospital Formulary Service and the Handbook on Injectable Drugs.
=538  \\$aMode of access: World Wide Web.
=650  \0$aDrugs$vHandbooks, manuals, etc.
=650  \0$aIncompatibles (Pharmacy)$vHandbooks, manuals, etc.
=710  2\$aAmerican Hospital Formulary Service.
=710  2\$aOvid Technologies, Inc.
=730  02$aHandbook on injectable drugs
=730  02$aAHFS drug information$x1063-8792
=787  0\$tDrug information fulltext$x1077-2782
=852  41$aBritish Library$bSTI
=856  40$uhttp://web5.silverplatter.com/webspirs/start.ws
=A02  \\$a3001700$z0
=CAT  \\$aCONV$b00$c20040425$lBLL90$h0713
=CAT  \\$a3072$b40$c20050414$lBLL01$h1727
=CAT  \\$a3072$b40$c20050414$lBLL01$h1728
=CAT  \\$a3072$b40$c20050419$lBLL01$h1608
=CAT  \\$a3072$b40$c20050421$lBLL01$h0941
=CAT  \\$a3072$b40$c20050608$lBLL01$h1704
=CAT  \\$a3072$b40$c20050705$lBLL01$h1424
=CAT  \\$aBATCH$b00$c20091207$lBLL01$h0416
=CAT  \\$aBATCH$b00$c20091214$lBLL01$h0222
=CAT  \\$aBATCH$b00$c20091216$lBLL01$h0041
=CAT  \\$a3072$b40$c20120316$lBLL01$h1020
=FIN  \\$aY$d20050419
=FMT  \\$a  SE
=LAS  \\$a3072$b40$c20120316$lBLL01$h1020
=LKR  \\$aPAR$b007842752$lBLL01$r787$mDrug information fulltext (Online)$nDrug information fulltext (CD-ROM)
=SRC  \\$aDSS03$bbibsr.200404.2.aa
=TCO  \\$aCLA$bCLA$c008

