=LDR  01185 as a22003977a 4500
=001  007197221
=003  Uk
=005  20070211075958.0
=006  m\\\\\\\\d\|\\\\\\
=007  cr||||||||||||
=008  040419c20029999enken\p\s\\\\\0\\\a0eng\\
=022  0\$a1478-8411$202
=040  \\$aUk$beng$cUk
=042  \\$aissnuk
=222  \0$a3G mobile devices
=245  00$a3G mobile devices.
=260  \\$aLondon :$bBaskerville
=310  \\$aTwenty-three issues yearly
=336  \\$atext$2rdacontent
=337  \\$acomputer$2rdamedia
=338  \\$aonline resource$2rdacarrier
=787  0\$t3G mobile$x1524-9492
=852  41$aBritish Library$bSTI
=856  00$umailto:telecoms.enquiries@informa.com
=A02  \\$a3008238$z0
=CAT  \\$aCONV$b00$c20040425$lBLL90$h0713
=CAT  \\$aCONV$b00$c20040502$lBLL01$h1212
=CAT  \\$a6537$b40$c20070211$lBLL01$h0759
=CAT  \\$aBATCH$b00$c20091207$lBLL01$h0417
=CAT  \\$aBATCH$b00$c20091214$lBLL01$h0223
=FIN  \\$aY$d20070211
=FMT  \\$a  SE
=LAS  \\$aBATCH$b00$c20091214$lBLL01$h0223
=LKR  \\$aPAR$b011016655$lBLL01$r787$m3G mobile devices$n3G mobile
=SRC  \\$aDSS03$bbibsr.200404.2.aa
=TCO  \\$aCLA$bCLA$c008

