=LDR  03106 am a2200553 i 4500
=001  020171167
=003  Uk
=005  20210427105450.0
=006  m\\\\\o\\d\\\\\\\\
=007  cr\|||||||||||
=008  200324s2019\\\\cc\\\\\\ob\\\\000\0\chi\d
=020  \\$z9787101140903
=024  8\$aBK2bd9ce56c6
=035  \\$a(OCoLC)1146525957
=040  \\$aSCPER$beng$cSCPER$dMERER$dHMY$dOCLCF$erda$epn
=043  \\$aa-cc---
=050  \4$aPL2681.Z5$bS86 2019
=100  1\$6880-01$aSun, Haiyan,$d1970 April-$eauthor.
=245  10$6880-02$aHuang Tingjian de fo chan si xiang yu shi xue shi jian =$bHuang Tingjian's buddhist thoughts and poetic practice /$cSun Haiyan zhu.
=246  31$aHuang Tingjian's buddhist thoughts and poetic practice
=250  \\$6880-03$aBeijing di 1 ban.
=264  \1$6880-04$aBeijing :$bZhonghua shu ju,$c2019.
=300  \\$a1 online resource.
=336  \\$atext$btxt$2rdacontent
=337  \\$acomputer$bc$2rdamedia
=338  \\$aonline resource$bcr$2rdacarrier
=490  0\$6880-05$aGuo jia she ke ji jin hou qi zi zhu xiang mu
=504  \\$aIncludes bibliographical references.
=588  \\$aDescription based on online resource; title from eBook homepage (CNPIEC eReading website, viewed April 30, 2020).
=600  10$6880-06$aHuang, Tingjian,$d1045-1105$xCriticism and interpretation.
=600  17$aHuang, Tingjian,$d1045-1105$2fast$0(OCoLC)fst00067541
=650  \0$aZen Buddhism$zChina$xHistory.
=650  \7$aZen Buddhism.$2fast$0(OCoLC)fst01184197
=651  \7$aChina.$2fast$0(OCoLC)fst01206073
=655  \7$aCriticism, interpretation, etc.$2fast$0(OCoLC)fst01411635
=655  \7$aHistory.$2fast$0(OCoLC)fst01411628
=852  41$aBritish Library$bOC
=856  40$uhttp://www.chinaebook.com/bookDetail/5e152534b9953627a99ff2c3
=880  1\$6100-01$a孙海燕,$d1970 April-$eauthor.
=880  10$6245-02$a黄庭坚的佛禅思想与诗学实践 =$bHuang Tingjian's buddhist thoughts and poetic practice /$c孙海燕著.
=880  \\$6250-03$a北京第1版.
=880  \1$6264-04$a北京 :$b中华书局,$c2019.
=880  0\$6490-05$a国家社科基金后期资助项目
=880  \\$6520-00$a本项目以问题意识为导向,以大量的文献资料(包括黄庭坚所有的诗、词、文、杂著,以及相关佛教典籍、禅宗语录)和细致的文本解读为基础,改变泛泛而论的研究方法,企图解决一些重要而实际的问题.本项目分析了黄庭坚佛教信仰的发展历程,深入考察其佛禅思想特点,有助于学界更加全面地了解黄庭坚佛教信仰的整体特色;阐发佛禅文化对黄庭坚思想、文艺观、诗学观以及具体创作的影响,显现哲学进入文学的丰富层次,在内容与方法上,均深化了佛禅思想对文学影响的研究.可以说,本项目是在佛禅与文学影响研究领域中一个较为成功的个案,项目成果具有较高的学术价值.
=880  14$6600-06$a黄庭坚,$d1045-1105$xCriticism and interpretation.
=CAT  \\$a10503$b40$c20210427$lBLL01$h1054
=FMT  \\$a  BK
=LAS  \\$a10503$b40$c20210427$lBLL01$h1054
=SID  \\$aZ39$bOCLC

