=LDR  02075cam a22004697a 4500
=001  013626625
=003  Uk
=005  20061214160653.0
=006  m\\\\\\\\d\f\\\\\\
=007  cr\cn|||||||||
=008  030317s2002\\\\at\a\\\\sbs\\f000\0\eng\\
=020  \\$a1740242335
=035  \\$a(OCoLC)52515489
=040  \\$aNLM$cNLM
=042  \\$apcc
=060  10$aWM 270
=245  00$a2001 National Drug Strategy household survey$h[electronic resource] :$bdetailed findings.
=260  \\$aCanberra :$bAustralian Institute of Health and Welfare,$cc2002.
=336  \\$atext$2rdacontent
=337  \\$acomputer$2rdamedia
=338  \\$aonline resource$2rdacarrier
=490  1\$aDrug statistics series,$x1442-7230 ;$vno. 11
=500  \\$aTitle from title screen (viewed Apr. 28, 2003).
=520  3\$aThis report contains information from the 2001 National Drug Strategy household survey. It supplements data published earlier this year in the report titled 2001 National Drug Strategy household survey: first results. The purpose of this report is to extend the analysis with detailed data on drug use, behaviour, perceptions of drug use, drug-related incidents, and support for drug-related policy and legislation.
=538  \\$aMode of access: Internet.
=650  12$aSubstance-Related Disorders$xepidemiology$zAustralia.
=650  22$aHealth Surveys$zAustralia$vStatistics.
=655  \7$aStatistics.$2mesh
=710  2\$aNational Drug Strategy (Australia)
=710  2\$aAustralian Institute of Health and Welfare.
=830  \0$aDrug statistics series,$x1442-7230 ;$vno. 11
=852  41$aBritish Library$bDSC
=856  40$uhttp://www.aihw.gov.au/publications/phe/ndshs01df/ndshs01df.pdf
=CAT  \\$a5703$b40$c20061214$lBLL01$h1606
=CAT  \\$aBATCH$b00$c20091217$lBLL01$h0441
=CAT  \\$aBATCH$b00$c20100103$lBLL01$h1235
=CAT  \\$aBATCH-UPD$b00$c20150204$lBLL01$h1742
=CAT  \\$aW1707-0052$c20170703$lBLL01$h1851
=CAT  \\$aW2308-1659$c20230923$lBLL01$h1033
=FMT  \\$a  BK
=LAS  \\$aW2308-1659$b00$c20230923$lBLL01$h1033
=SID  \\$aZ39$bOCLC

