=LDR  01001 as a22003257a 4500
=001  015840641
=003  Uk
=005  20110705142227.0
=006  m\\\\\\\\d\|\\\\\\
=007  cr||||||||||||
=008  110627c20039999enkqr\p\s\\\\\0\\\a0eng\\
=022  0\$a2047-5519$202
=040  \\$aUk$beng$cUk
=042  \\$aissnuk
=222  \0$aCountry report. New Caledonia
=245  00$aCountry report.$pNew Caledonia$h[electronic resource].
=260  \\$aLondon :$bEIU
=310  \\$aQuarterly
=336  \\$atext$2rdacontent
=337  \\$acomputer$2rdamedia
=338  \\$aonline resource$2rdacarrier
=710  2\$aEconomist Intelligence Unit (Great Britain)
=852  \\$aBritish Library$bHMNTS
=856  40$uhttp://www.eiu.com/index.asp?layout=displayIssue&publication_id=1060000906
=985  \\$aEIU ISSN (Online) assignment project (June 2011)
=CAT  \\$a10973$b40$c20110705$lBLL01$h1422
=FIN  \\$aY$d20110705
=FMT  \\$a  SE
=LAS  \\$a10973$b40$c20110705$lBLL01$h1422
=TCO  \\$aCLA$bCLA$c008

