=LDR  03583 am a2200781 a 4500
=001  016056558
=003  Uk
=005  20160929082346.0
=006  m\\\\\\\\d\\\\\\\\
=007  cr\mnu||||||||
=008  080418c18799999ja\\\\\\o\\\\\00|\0\jpn\d
=035  \\$a(OCoLC)225596233
=040  \\$aPULEA$cPULEA$dPULEA$dPIT$dLGG$dZCU$dIUL$dZCU$dCUS
=042  \\$aukblderived
=043  \\$aa-ja---
=050  \4$aAI21.A85$bA87
=245  00$6880-01$aKikuzō II bijuaru for libraries$h[electronic resource] :$bAsahi shinbun kiji dētabēsu.
=246  3\$aKikuzō 2 bijuaru for libraries
=246  1\$iCaption title in English:$aKikuzo II visual for libraries
=246  3\$aKikuzo II visual
=246  3\$aKikuzo 2 visual
=246  30$6880-02$aAsahi shinbun kiji dētabēsu
=247  10$6880-03$aKikuzō II bijuaru for libraries :$bAsahi shinbun onrain kiji dētabēsu$f<Sept. 17, 2010>
=247  10$6880-04$aAsahi shinbun onrain kiji dētabēsu$f<Sept. 17, 2010>
=260  \\$6880-05$a[Tokyo] :$bAsahi Shinbunsha
=300  \\$aonline resource
=336  \\$atext$2rdacontent
=337  \\$acomputer$2rdamedia
=338  \\$aonline resource$2rdacarrier
=362  1\$aBegan with 1879.
=500  \\$aTitle from home page (The Asahi Shimbun, viewed Oct. 8, 2010).
=520  \\$aA newspaper database for Asahi shinbun containing 12 million articles (as of Aug. 2010) published from 1879 to present. Also includes articles from the weekly magazines Aera as well as Shūkan Asahi, from the annual new-word dictionary Chiezō, Asahi shinbun jinbutsu dētabēsu, and Aashi shinbun rekishi shashin ākaibu.
=651  \0$aJapan$vNewspapers$vDatabases.
=651  \0$aJapan$vPeriodicals$vDatabases.
=710  2\$6880-06$aAsahi Shinbunsha.
=730  02$6880-07$aAsahi shinbun (Online)
=730  02$6880-08$aAera (Online)
=730  02$6880-09$aChiezō (Online)
=730  02$6880-10$aShūkan Asahi (Online)
=730  02$6880-11$aAsahi shinbun (Shukusatsuban : Online)
=740  02$6880-12$aAsahi shinbun jinbutsu dētabēsu.
=740  02$6880-13$aAsahi shinbun rekishi shashin ākaibu.
=740  02$6880-14$aMeiji Taishō shimen dētabēsu.
=740  02$6880-15$aShōwa (senzen) shimen dētabēsu.
=852  41$aBritish Library$bHMNTS
=856  40$uhttp://database.asahi.com/library2e/
=880  00$6245-01$a聞蔵IIビジュアル for libraries$h[electronic resource] :$b朝日新聞記事データべース.
=880  30$6246-02$a朝日新聞記事データべース
=880  10$6247-03$a聞蔵IIビジュアル for libraries :$b朝日新聞オンライン記事データべース$f<Sept. 17, 2010>
=880  10$6247-04$a朝日新聞オンライン記事データべース$f<Sept. 17, 2010>
=880  \\$6260-05$a[Tokyo] :$b朝日新聞社
=880  2\$6710-06$a朝日新聞社.
=880  02$6730-07$a朝日新聞 (Online)
=880  02$6730-08$aアエラ (Online)
=880  02$6730-09$a知恵蔵 (Online)
=880  02$6730-10$a週刊朝日 (Online)
=880  02$6730-11$a朝日新聞 (Shukusatsuban : Online)
=880  02$6740-12$a朝日新聞人物データベース.
=880  02$6740-13$a朝日新聞歴史写真アーカイブ.
=880  02$6740-14$a明治・大正紙面データベース.
=880  02$6740-15$a昭和（戦前）紙面データベース.
=CAT  \\$a7565$b40$c20120327$lBLL01$h0912
=CAT  \\$a7565$b40$c20120327$lBLL01$h0927
=CAT  \\$a7565$b40$c20160929$lBLL01$h0823
=FIN  \\$aY$d20120327
=FMT  \\$a  BK
=LAS  \\$a7565$b40$c20160929$lBLL01$h0823
=SID  \\$aZ39$bOCLC

