=LDR  02384 ai a2200505 i 4500
=001  016425003
=003  Uk
=005  20130610132653.0
=006  m\\\\\o\\m\\\\\\\\
=007  cr\mn|||||||||
=008  090902c20089999gw\mr\d\o\\\\\0\\\a2eng\c
=010  \\$a2010228777
=035  \\$a(OCoLC)435571312$z(OCoLC)497006010
=040  \\$aUk$beng$cUk$erda
=042  \\$apcc$aukblsr
=050  \4$aQD257.7
=245  00$aReaxys$h[electronic resource].
=260  \\$a[Frankfurt, Germany ;$aNew York, NY] :$bElsevier
=264  \1$bElsevier
=310  \\$aUpdated monthly
=336  \\$atext$2rdacontent
=337  \\$acomputer$2rdamedia
=338  \\$aonline resource$2rdacarrier
=362  1\$aBegan in 2008?
=520  \\$aWeb-based chemistry database that offers extensive coverage of organic, inorganic and organometallic chemistry information. Based on the combined content of CrossFire Beilstein, CrossFire Gmelin and the Patent Chemistry Databases.
=520  \\$aReaxys is a web-based search and retrieval system for chemical compounds, bibliographic data and chemical reactions. Combined data from three sources: The Beilstein Database, The Gmelin Database, and The Patent Chemistry Database.
=538  \\$aSystem requirements: Sun Microsystems Java Version 5.0 or later (also known as Java Runtime Environment (JRE) Version 1.5.0)
=588  \\$aDescription based on version updated July 2010 (Reaxys website, viewed Aug. 12, 2010); title from homepage.
=650  \0$aChemistry, Organic$vDatabases.
=650  \0$aChemical reactions$vDatabases.
=650  \0$aOrganic compounds$xSynthesis$xDatabases.
=650  \0$aChemistry, Inorganic$vDatabases.
=650  \0$aOrganometallic compounds$vDatabases.
=776  08$iIncorporates the print monograph :$tBeilsteins Handbuch der organischen Chemie. 4. Aufl. Viertes Ergänzungswerk, die Literatur von 1950 bis 1959 umfassend
=787  08$iIncorporates:$tBeilstein database
=787  08$iIncorporates:$tBeilstein database.$d[San Leandro, Calif] : MDL Information Systems
=787  08$iIncorporates:$tGmelin database
=787  08$iIncorporates:$tPatent chemistry database
=852  41$aBritish Library$bSTI
=856  40$uhttp://www.reaxys.com/
=CAT  \\$a11433$b40$c20130605$lBLL01$h1146
=CAT  \\$a3072$b40$c20130610$lBLL01$h1326
=FMT  \\$a  SE
=LAS  \\$a3072$b40$c20130610$lBLL01$h1326
=SID  \\$aZ39$bOCLC

