=LDR  01066 as a22003497a 4500
=001  013942863
=003  Uk
=005  20160726140401.0
=006  m\\\\\\\\d\|\\\\\\
=007  cr||||||||||||
=008  070912c20009999enkmr\p\s\\\\\0\\\a0eng\\
=022  0\$a1755-9510$202
=040  \\$aUk$beng$cUk
=042  \\$aissnuk
=222  \0$aMinster matters$b(Online)
=245  00$aMinster matters$h[electronic resource].
=260  \\$aMinster :$bMinster Matters
=310  \\$aMonthly
=336  \\$atext$2rdacontent
=337  \\$acomputer$2rdamedia
=338  \\$aonline resource$2rdacarrier
=776  0\$tMinster matters$c(Print)$x1755-9502
=776  0\$tMinster matters$c(Sound recording (CD))$x1758-4175
=852  41$aBritish Library$bHMNTS
=856  40$uhttp://www.minster-in-thanet.org.uk/minmatt/june1-6.PDF
=CAT  \\$a11439$b40$c20070912$lBLL01$h1334
=CAT  \\$a11313$b40$c20080806$lBLL01$h1007
=CAT  \\$a10806$b40$c20160726$lBLL01$h1404
=FIN  \\$aY$d20070912
=FMT  \\$a  SE
=LAS  \\$a10806$b40$c20160726$lBLL01$h1404
=TCO  \\$aCLA$bCLA$c008

