=LDR  01667 ai a2200445 a 4500
=001  014494281
=003  Uk
=005  20100104111313.0
=006  m\\\\\\\\d\|\\\\\\
=007  cr||||||||||||
=008  080116c200u9999ne\\x\d\s\\\\\0\\\a2eng\\
=040  \\$aUk$beng$cUk$dUk
=042  \\$aukblsr
=082  04$a338.7402541$222
=245  00$aMint UK :$h[electronic resource].
=260  \\$a[Amsterdam] :$bBureau van Dijk.
=336  \\$atext$2rdacontent
=337  \\$acomputer$2rdamedia
=338  \\$aonline resource$2rdacarrier
=500  \\$aTitle from home page (viewed on 18 June 2008).
=520  \\$aDetailed financial information on 2.6 million UK companies. Search by geographic, financial, activity or many other options to create lists of companies or individual company reports.
=538  \\$aMode of access: World Wide Web.
=650  \0$aCorporations$zGreat Britain$vDirectories.
=650  \0$aBusiness enterprises$zGreat Britain$vDirectories.
=650  \0$aMarket research$zGreat Britain$vDatabases.
=690  7\$aManagement and Business Studies$2blcoll
=710  2\$aBureau van Dijk Electronic Publishing.
=852  41$aBritish Library$bSTI
=856  40$uhttp://www.mintuk.bvdep.com
=CAT  \\$a6524$b40$c20080116$lBLL01$h0744
=CAT  \\$a6524$b40$c20080116$lBLL01$h0745
=CAT  \\$a3072$b40$c20080618$lBLL01$h1435
=CAT  \\$a3072$b40$c20080618$lBLL01$h1436
=CAT  \\$a3072$b40$c20080618$lBLL01$h1437
=CAT  \\$aBATCH$b00$c20090625$lBLL01$h1713
=CAT  \\$a3072$b40$c20100104$lBLL01$h1113
=FIN  \\$aY$d20080618
=FMT  \\$a  SE
=LAS  \\$a3072$b40$c20100104$lBLL01$h1113
=TCO  \\$aNLD$bSTICHTING REPRORECHT$c008

