=LDR  01446 am a22003737a 4500
=001  014604100
=003  Uk
=005  20080501141132.0
=006  m\\\\|\\\d\|\\\\\\
=007  cr||||||||||||
=008  080501s2001\\\\stkabc\\rb\\\\000\0\eng\\
=040  \\$aUk$beng$cUk
=100  1\$aAllan, Chris.
=245  10$aAgricultural improvement at Dolphinstoun /$cChris Allan.
=260  \\$a[Prestonpans?] :$bPrestoungrange University Press,$c[2001]
=336  \\$atext$2rdacontent
=337  \\$acomputer$2rdamedia
=338  \\$aonline resource$2rdacarrier
=500  \\$aTitle from PDF title page (viewed on 1 May, 2008).
=500  \\$aNo. 11 in the Prestoungrange historical series.
=504  \\$aIncludes bibliographical references.
=516  \\$aText (PDF).
=533  \\$aPrintout.$b[London :$cBritish Library,$d2008]$ev, 46 p. : ill., maps, ports. ; 30 cm.$nPrinted from web site (30 Apr., 2008).
=538  \\$aMode of access: World Wide Web.
=538  \\$aSystem requirements: Adobe Acrobat Reader.
=650  \0$aAgriculture$zScotland$zEast Lothian$xHistory.
=650  \0$aAbandoned farms$zScotland$zEast Lothian$xHistory.
=650  \0$aAgricultural innovations$zScotland$zEast Lothian$xHistory.
=852  \\$aBritish Library$bDSC
=856  41$uhttp://www.prestoungrange.org/core-files/archive/Agric-imp.pdf
=CAT  \\$a8141$b40$c20080501$lBLL01$h1411
=FIN  \\$aY$d20080501
=FMT  \\$a  BK
=LAS  \\$a8141$b40$c20080501$lBLL01$h1411

