=LDR  01349 as a22003737a 4500
=001  014863504
=003  Uk
=005  20140213112342.0
=006  m\\\\\\\\d\|\\\\\\
=007  cr||||||||||||
=008  081222c20099999enkqr\p\s\\\\\0\\\a0eng\\
=022  0\$a1759-8613$202
=040  \\$aUk$beng$cUk
=042  \\$aissnuk
=082  04$a616.008205
=222  \0$aPrimary care women's health journal$b(Online)
=245  00$aPrimary care women's health journal$h[electronic resource].
=260  \\$aBirmingham :$bSherborne Gibbs
=310  \\$aQuarterly
=336  \\$atext$2rdacontent
=337  \\$acomputer$2rdamedia
=338  \\$aonline resource$2rdacarrier
=776  08$iPrint version, -July/September 2013.$tPrimary care women's health journal$c(Print)$x1759-8605
=852  41$aBritish Library$bSTI$3Vol. 1, no. 1 (Apr./Jun. 2009)-
=856  40$uhttp://www.pcwhj.com/
=985  \\$aISSN UK Centre note: phone call from publisher 13.2.14, ceased in print (last issue in print v.5, issue 3 July/Sept. 2013), available online only.
=CAT  \\$a11313$b40$c20081222$lBLL01$h1402
=CAT  \\$a5997$b40$c20090605$lBLL01$h1122
=CAT  \\$a10973$b40$c20140213$lBLL01$h1123
=FIN  \\$aY$d20090605
=FMT  \\$a  SE
=LAS  \\$a10973$b40$c20140213$lBLL01$h1123
=LET  \0$aPrimary care women's health journal (Online)
=TCO  \\$aCLA$bCLA$c008

