=LDR  03896nam a2200637 i 4500
=001  021238247
=003  Uk
=005  20231005183326.0
=006  m\\\\\o\\d\\\\\\\\
=007  cr\|||||||||||
=008  230923s2023\\\\ru\a\\\\ob\\\\000\0\rus\\
=010  \\$a  2022554767
=020  \\$z9785001656685
=035  \\$a(OCoLC)1399166579
=040  \\$aDLC$beng$cDLC$dOCLCO$erda$epn
=043  \\$ae-ur---
=050  00$aHT145.R9$bK69 2023
=100  1\$6880-01,$aKozlova, N. V.$q(Natalʹi︠a︡ Vadimovna)$eauthor.
=245  10$6880-02$aRusskiĭ gorod XVIII veka :$bissledovanii︠a︡ raznykh let /$cN.V. Kozlova.
=246  3\$6880-03$aRusskiĭ gorod vosemnadt︠s︡atogo veka
=246  3\$6880-04$aRusskiĭ gorod 18. veka
=264  \1$6880-05$aSankt-Peterburg :$bAleteĭi︠a︡,$c2023.
=300  \\$a1 online resource (488 pages) :$billustrations
=336  \\$atext$btxt$2rdacontent
=337  \\$acomputer$bc$2rdamedia
=338  \\$aonline resource$bcr$2rdacarrier
=490  0\$6880-06$aTrudy istoricheskogo fakulʹteta MGU.$aSerii︠a︡ II, Istoricheskie issledovanii︠a︡ ;$v154
=500  \\$6880-07$a"Nezavisimyĭ alʹi︠a︡ns"--Preliminary page.
=500  \\$6880-08$aAt head of title: Moskovskiĭ gosudarstvennyĭ universitet imeni M.V. Lomonosova, Istoricheskiĭ fakulʹtet.
=504  \\$aIncludes bibliographical references.
=505  0\$6880-09$aGorod kak khozi︠a︡ĭstvennai︠a︡ i administrativnai︠a︡ struktura -- Sot︠s︡ialʹnai︠a︡ sreda goroda -- Moskovskoe kupechestvo XVIII v.: semʹi︠a︡, samosoznanie, sot︠s︡iokulʹturnai︠a︡ kharakteristika -- Istoriograficheskie zarisovki istorii russkogo goroda.
=588  \\$aDescription based on online resource; title from digital title page (East View, viewed September 23, 2023).
=650  \0$aCities and towns$zRussia$xHistory$y18th century.
=650  \0$aCity and town life$zRussia$xHistory$y18th century.
=650  \0$aMerchants$zRussia (Federation)$zMoscow$xHistory$y18th century.
=650  \6$aVilles$zRussie$xHistoire$y18e siècle.
=650  \6$aVie urbaine$zRussie$xHistoire$y18e siècle.
=650  \6$aCommerçants$zRussie$zMoscou$xHistoire$y18e siècle.
=651  \0$aRussia$xSocial conditions$y18th century.
=852  \\$aBritish Library$bHMNTS
=856  40$uhttps://dlib.eastview.com/browse/book/359198
=880  1\$6100-01$aКозлова, Н. В.$q(Наталья Вадимовна),$eauthor.
=880  10$6245-02$aРусский город XVIII века :$bисследования разных лет /$cН.В. Козлова.
=880  3\$6246-03$aРусский город восемнадцатого века
=880  3\$6246-04$aРусский город 18. века
=880  \1$6264-05$aСанкт-Петербург :$bАлетейя,$c2023.
=880  0\$6490-06$aТруды исторического факультета МГУ.$aСерия II, Исторические исследования ;$v154
=880  \\$6500-07$a"Независимый альянс"--Preliminary page.
=880  \\$6500-08$aAt head of title: Московский государственный университет имени М.В. Ломоносова, Исторический факультет.
=880  0\$6505-09$aГород как хозяйственная и административная структура -- Социальная среда города -- Московское купечество XVIII в.: семья, самосознание, социокультурная характеристика -- Историографические зарисовки истории русского города.
=948  \\$hNO HOLDINGS IN BLX - 1 OTHER HOLDINGS
=994  \\$aZ0$bBLX
=CAT  \\$a16091$b40$c20231005$lBLL01$h1833
=FMT  \\$a  BK
=LAS  \\$a16091$b40$c20231005$lBLL01$h1833
=SID  \\$aZ39$bOCLC

