=LDR  05774nam a2200673 i 4500
=001  021239574
=003  Uk
=005  20231006161103.0
=006  m\\\\\o\\d\\\\\\\\
=007  cr\|n|||||||||
=008  230911s2023\\\\ru\acfh\ob\\\\000\0crus\d
=020  \\$z9785948815442
=035  \\$a(OCoLC)1396781024
=040  \\$aNYP$beng$cNYP$dOCLCO$erda$epn
=043  \\$ae-ur---
=050  \4$aCT1217.T37$bI78 2023
=245  00$6880-01$aIstorii︠a︡ odnoĭ semʹi :$bvospominanii︠a︡, dokumenty, materialy /$cpod obshcheĭ redakt︠s︡ieĭ V.A. Solomonova.
=264  \1$6880-02$aMoskva :$bNovyĭ khronograf,$c2023.
=300  \\$a1 online resource (462 pages, 24 unnumbered pages of plates) :$billustrations, portraits, facsimile
=336  \\$atext$btxt$2rdacontent
=337  \\$acomputer$bc$2rdamedia
=338  \\$aonline resource$bcr$2rdacarrier
=490  1\$6880-03$aOt pervogo lit︠s︡a : istorii︠a︡ Rossii v vospominanii︠a︡kh, dnevnikakh, pisʹmakh
=504  \\$aIncludes bibliographical references.
=505  00$6880-04$tIstorii︠a︡ odnoĭ semʹi /$rBrat A. --$tA. Brat. Istorii︠a︡... Popravki /$rTarasova E. B. --$tPovestʹ moeĭ zhizni. Roman v XI chasti︠a︡kh /$rTarasov B. F. --$tNa pervykh porakh (Pervai︠a︡ nelegalʹnai︠a︡ tipografii︠a︡ ėserov v Penze, 1901--1902 gg.) /$rTarasov B. F. --$tVospominanii︠a︡ "Zagovorshchika" po delu 18-ti, sudivshikhsi︠a︡ 7--17 avgusta 1907 goda /$rTarasov B. F. --$tPisʹmo Figner Vere Nikolaevne s zamechanii︠a︡mi k eë statʹe "Administrativnai︠a︡ ssylka" (1910) /$rTarasov B. F. --$tDerevenskie vpechatlenii︠a︡ /$rTarasov B. F. --$tDorogoe moë potomstvo /$rTarasova O. P. --$tVospominanii︠a︡ o khoroshikh li︠u︡di︠a︡kh sredi rabotnikov GULAGa /$rTarasova E. B. --$tChita, Samarkand i Leningrad /$rTarasova E. B. --$tPredsmertnye pisʹma B. N. Nikitenko --$tVmesto posleslovii︠a︡ /$rPetkevich T. V.
=588  0\$aOnline resource; title from digital title page (East View, viewed September 10, 2023).
=600  30$aTarasov family.
=600  14$6880-05$aTarasov, Boris Favstovich,$d1872-1937.
=600  14$6880-06$aTarasova, Olʹga Petrovna,$d1883-1990.
=610  20$aPartīi︠a︡ sot︠s︡īalistov-revoli︠u︡t︠s︡īonerov$vBiography.
=610  20$aPartīi︠a︡ sot︠s︡īalistov-revoli︠u︡t︠s︡īonerov$xHistory$vSources.
=650  \0$aRevolutionaries$zRussia$vBiography.
=650  \0$aWomen revolutionaries$zRussia$vBiography.
=650  \0$aPolitical persecution$zRussia$xHistory$vSources.
=650  \0$aPolitical persecution$zSoviet Union$xHistory$vSources.
=650  \6$aRévolutionnaires$zRussie$vBiographies.
=650  \6$aFemmes révolutionnaires$zRussie$vBiographies.
=650  \6$aRépression politique$zRussie$xHistoire$vSources.
=650  \6$aRépression politique$zURSS$xHistoire$vSources.
=700  12$6880-07$iContainer of (expression):$aTarasov, Boris Favstovich,$d1872-1937.$tWorks.$kSelections (2023)
=700  1\$6880-08,$aSolomonov, V. A.$q(Vladimir Anatolʹevich)$eeditor.
=830  \0$6880-09$aSerii︠a︡ "Ot pervogo lit︠s︡a--istorii︠a︡ Rossii v vospominanii︠a︡kh, dnevnikakh, pisʹmakh"
=852  \\$aBritish Library$bHMNTS
=856  40$uhttps://dlib.eastview.com/browse/book/354706
=880  00$6245-01$aИстория одной семьи :$bвоспоминания, документы, материалы /$cпод общей редакцией В.А. Соломонова.
=880  \1$6264-02$aМосква :$bНовый хронограф,$c2023.
=880  1\$6490-03$aОт первого лица : история России в воспоминаниях, дневниках, письмах
=880  00$6505-04$tИстория одной семьи /$rБрат А. --$tА. Брат. История... Поправки /$rТарасова Е. Б. --$tПовесть моей жизни. Роман в XI частях /$rТарасов Б. Ф. --$tНа первых порах (Первая нелегальная типография эсеров в Пензе, 1901--1902 гг.) /$rТарасов Б. Ф. --$tВоспоминания "Заговорщика" по делу 18-ти, судившихся 7--17 августа 1907 года /$rТарасов Б. Ф. --$tПисьмо Фигнер Вере Николаевне с замечаниями к её статье "Административная ссылка" (1910) /$rТарасов Б. Ф. --$tДеревенские впечатления /$rТарасов Б. Ф. --$tДорогое моё потомство /$rТарасова О. П. --$tВоспоминания о хороших людях среди работников ГУЛАГа /$rТарасова Е. Б. --$tЧита, Самарканд и Ленинград /$rТарасова Е. Б. --$tПредсмертные письма Б.Н. Никитенко --$tВместо послесловия /$rПеткевич Т. В.
=880  14$6600-05$aТарасов, Борис Фавстович,$d1872-1937.
=880  14$6600-06$aТарасова, Ольга Петровна,$d1883-1990.
=880  12$6700-07$iContainer of (expression):$aТарасов, Борис Фавстович,$d1872-1937.$tWorks.$kSelections (2023)
=880  1\$6700-08$aСоломонов, В. А.$q(Владимир Анатольевич),$eeditor.
=880  \0$6830-09$aСерия "От первого лица--история России в воспоминаниях, дневниках, письмах."
=948  \\$hNO HOLDINGS IN BLX - 2 OTHER HOLDINGS
=994  \\$aZ0$bBLX
=CAT  \\$a16421$b40$c20231006$lBLL01$h1611
=FMT  \\$a  BK
=LAS  \\$a16421$b40$c20231006$lBLL01$h1611
=SID  \\$aZ39$bOCLC

